4026 6404
544 505 686 570 *1391

1157 614 1385 670 CAPUT
1428 613 1513 669 111.

547 750 735 807 Sancti
782 749 990 803 Tarasii
1032 748 1215 801 electio
1253 758 1301 801 et
1343 747 1669 801 consecratio
1727 745 2127 815 patriarclmlis.

623 887 672 940 7.
706 885 770 940 Et
799 886 879 940 sic
913 884 1134 955 quidem
1169 896 1230 938 se
1268 882 1443 953 gessit
1472 880 1676 937 Paulus
1708 899 1719 933 :
1770 881 2131 949 imperatores

550 988 733 1035 autem
775 979 828 1033 in
860 978 1099 1049 pastoris
1145 974 1415 1030 electione
1461 980 1699 1029 mentem
1739 972 2005 1027 habentes
2034 985 2129 1026 oc-

547 1078 826 1141 cupatam,
862 1078 916 1124 et
944 1067 1097 1122 Pauli
1130 1079 1385 1122 sermone
1417 1062 1705 1128 stimulati,
1740 1062 1794 1116 in
1840 1060 2131 1117 Tarasium

548 1169 735 1230 aperte
780 1157 1022 1230 defigunt
1052 1157 1243 1212 oculos
1279 1173 1294 1209 :
1337 1164 1392 1210 et
1449 1169 1594 1217 eum,
1632 1153 1741 1208 Deo
1790 1152 2025 1215 volente,
2074 1160 2135 1206 ut

549 1251 775 1305 viduato
802 1249 953 1319 gregi
984 1255 1262 1318 praeesset,
1293 1244 1573 1301 communi
1612 1257 1881 1299 consensu
1900 1243 2133 1312 sapien-

552 1353 632 1399 ter
678 1341 908 1412 eligunt.
946 1339 1038 1394 Eis
1079 1338 1505 1403 assentiebatur,
1549 1336 1813 1407 quidquid
1846 1343 1965 1390 erat
1989 1334 2134 1403 opti-

550 1449 701 1490 mum
747 1441 802 1488 et
833 1429 1351 1503 praestantissimum
1389 1442 1420 1482 c
1460 1440 1621 1481 sacro
1670 1433 1886 1488 senatu,
1912 1422 2134 1479 divinus

550 1526 713 1597 plane
732 1533 910 1579 cmtus
943 1540 956 1576 :
994 1531 1054 1577 ut
1089 1521 1180 1591 qui
1210 1520 1435 1575 omnino
1485 1518 1691 1573 scirent
1720 1517 1899 1571 virum
1926 1516 1981 1570 in
2009 1530 2132 1570 om-

554 1617 718 1672 nibus
763 1613 1111 1686 praefulgere,
1171 1620 1225 1666 et
1277 1610 1526 1681 dignum,
1576 1607 1664 1664 cui
1713 1607 2136 1663 demandaretur

554 1706 796 1780 dignitas
844 1704 1157 1777 pastoralis.
1193 1700 1472 1773 Quidquid
1524 1708 1707 1756 autem
1761 1708 1884 1756 erat
1927 1697 2136 1770 promi-

534 1791 748 1856 scuum
779 1794 1302 1858 circumforaneum,
1332 1796 1387 1847 et
1413 1793 1696 1848 lucernam
1729 1791 2006 1848 redolebat
2025 1789 2137 1846 hae-

556 1890 807 1954 reticam,
844 1885 1027 1942 Patris
1066 1884 1437 1947 sanctitatem.
1468 1885 1634 1939 etiam
1664 1893 1791 1939 ante
1823 1897 2037 1938 sacram
2068 1882 2137 1937 ab

552 1997 620 2037 eo
646 1989 926 2050 acceptam
965 1989 1196 2042 vestem,
1248 1986 1310 2031 ut
1367 1977 1433 2033 ad
1479 1976 1815 2047 urguendum
1846 1960 2139 2031 vehemen-
2170 1968 2213 2023 Β

545 2074 825 2130 tissimam
854 2081 911 2126 et
957 2070 1367 2133 acutissimam,
1420 2077 1735 2140 suspectam
1788 2067 1998 2124 habens
2048 2080 2136 2122 se-

520 2152 776 2233 rieurim’,
823 2162 1047 2220 nolebat
1093 2162 1352 2219 assentiri
1408 2161 1793 2217 communibus
1838 2158 2135 2226 suffragiis,

552 2274 683 2334 non,
700 2258 892 2315 volens
920 2256 990 2312 ab
1045 2255 1271 2325 antiqua
1310 2269 1407 2310 sua
1457 2254 1784 2324 resipiscere
1812 2253 2081 2310 sententia
2120 2269 2134 2306 ;

558 2359 613 2406 et
638 2350 877 2406 malebat
910 2348 1115 2405 involvi
1147 2361 1309 2403 emno
1347 2346 1464 2401 limi
1514 2347 1806 2409 haereseos,
1839 2360 2003 2416 quam
2043 2361 2134 2415 po~

556 2442 665 2499 tari
695 2441 911 2497 viviﬁco
934 2439 1144 2495 ﬂuento
1170 2437 1294 2509 puri
1334 2444 1391 2493 et
1436 2437 1816 2508 imperturbati
1848 2435 2013 2493 fontis
2040 2436 2138 2492 do-

557 2533 752 2590 ctrina:
774 2531 1014 2588 Tarasii.
1065 2531 1169 2587 Sed
1205 2530 1338 2586 vicit
1373 2530 1450 2596 id,
1480 2530 1626 2600 quod
1650 2530 1857 2600 justum
1890 2538 2006 2585 erat
2039 2547 2053 2583 :
2085 2537 2139 2585 et

563 2625 866 2680 admissum
901 2631 1007 2694 est,
1050 2621 1199 2693 quod
1233 2635 1334 2692 pro
1381 2622 1581 2692 pietate
1619 2619 1913 2688 ferebatur,
1948 2620 2138 2676 decre-

561 2729 699 2773 tum.
723 2712 928 2772 Jubent
966 2713 1154 2785 itaque
1195 2713 1555 2784 imperatores
1581 2712 1766 2768 statim
1798 2728 1981 2768 coram
2019 2713 2137 2769 sisti

561 2807 877 2872 Tarasium,
911 2813 993 2871 ut,
1035 2819 1160 2875 quas
1189 2802 1303 2858 Deo
1330 2802 1658 2859 videbantur
1702 2813 1756 2858 et
1788 2802 1999 2874 legibus
2024 2790 2140 2857 lec-

562 2890 910 2962 clesiasticis,
940 2894 1064 2965 jura
1104 2893 1161 2949 in
1207 2907 1276 2950 eo
1317 2894 1728 2950 confirmarent.
1761 2893 1858 2949 llle
1890 2909 2017 2949 vero
2048 2895 2143 2947 ad-

562 2998 680 3046 erat
709 3004 835 3045 cum
867 2988 957 3058 pia
986 2998 1043 3043 et
1076 2987 1311 3043 honesta
1346 2986 1549 3059 specie,
1585 2995 1642 3041 et
1668 3001 1808 3056 quas
1836 3001 1867 3040 a
1901 2986 2012 3040 Deo
2042 2985 2142 3038 ha-

564 3081 747 3146 bebat,
780 3080 974 3152 gratiis
1000 3077 1379 3135 circumdatus
1409 3099 1421 3134 :
1452 3076 1595 3148 apud
1625 3092 1786 3147 quem
1816 3075 2059 3132 honestis
2089 3084 2143 3130 et

561 3173 796 3247 egregiis
822 3180 1047 3243 agentes
1078 3169 1456 3236 sermonibus,
1488 3181 1543 3227 et
1575 3178 1834 3241 tanquam
1875 3169 1988 3239 jam
2015 3184 2138 3223 cum

1644 506 1702 568 S.
1745 505 2053 571 TABASII
2111 503 2617 596 PATRIARCH/E
2666 502 2772 563 CP.

2158 621 2203 677 Α
2232 611 2602 683 prehendatur
2625 610 2770 682 quod
2799 606 3163 663 desideratur.
3195 607 3435 678 Tempus
3469 616 3547 664 est
3570 626 3705 685 ergo,
3732 629 3784 673 ut

3660 502 3778 572 1392

2232 710 2559 757 contexatur
2597 702 2861 771 praeclara
2898 708 2952 754 et
2990 699 3152 754 valde
3180 699 3416 770 optanda
3446 699 3687 762 Ecclesiae
3712 716 3785 764 tu.

2232 794 2378 858 nica,
2408 808 2574 862 quam
2620 792 2786 847 scidit
2830 792 3002 862 pestis
3032 792 3277 847 haeresis.
3320 790 3478 848 Nunc
3516 798 3786 868 appmpin.

2233 894 2365 955 quat
2388 885 2505 940 dies
2541 883 2771 954 insignis
2799 891 2853 938 et
2885 882 3167 946 salutaris,
3198 883 3252 937 in
3276 898 3388 954 quo
3418 882 3660 943 Christus
3686 904 3790 948 ces-

2234 989 2360 1030 sare
2406 975 2612 1030 faciens
2653 973 2934 1030 fremitum
2980 974 3188 1031 erroris
3229 974 3664 1046 simulacrorum,
3713 997 3793 1037 an-

2234 1066 2355 1120 nuit
2393 1066 2634 1136 copiosis
2688 1065 2806 1122 suis
2861 1064 3335 1133 miserationibus,
3387 1076 3449 1124 ut
3490 1068 3607 1137 ejus
3646 1087 3794 1130 vene-

2234 1158 2408 1214 randa
2442 1158 2749 1230 erigeretur
2787 1165 2992 1223 statua,
3018 1159 3166 1230 quod
3218 1160 3416 1214 attinet
3464 1161 3529 1215 ad
3558 1161 3795 1219 humani-

2237 1256 2425 1305 tatem.
2460 1244 2761 1329 Transiens
2790 1264 2923 1320 ergo
2960 1250 3029 1306 ad
3060 1260 3275 1322 septum
3322 1251 3640 1317 sacerdotii,
3682 1272 3791 1313 cum

2236 1344 2506 1400 adversus
2543 1342 2795 1399 haeresim
2831 1342 3223 1408 decertaveris,
3256 1358 3391 1398 cane
3418 1343 3657 1400 victorias
3684 1362 3796 1403 can-

2237 1436 2406 1492 licum
2437 1435 2700 1490 adversus
2749 1434 3025 1490 inimicos.
3072 1436 3120 1490 A
3155 1435 3268 1491 Deo
3311 1436 3594 1506 premium
3634 1447 3685 1494 et
3713 1454 3795 1496 cn-

2235 1543 2430 1584 ronam
2460 1536 2805 1598 accepturus,
2836 1527 3115 1599 egredere.

2306 1619 2361 1675 9.
2405 1621 2669 1676 Tarasius
2722 1628 2903 1676 autem
2953 1621 3299 1691 imperatoris
3334 1620 3661 1678 allocutione
3708 1623 3800 1678 οὓς

2238 1711 2604 1783 stupefactus,
2637 1720 2692 1767 et
2722 1719 2982 1783 tanquam
3019 1727 3051 1768 a
3090 1712 3303 1768 etnlesti
3337 1713 3527 1783 aliquo
3571 1728 3702 1770 sono
3729 1725 3801 1770 at-

2241 1804 2472 1871 tonitus,
2513 1803 2797 1873 respondit
2827 1804 2881 1858 in
2914 1804 3060 1859 hanc
3107 1803 3437 1859 sententiam
3471 1803 3541 1859 ad
3584 1819 3666 1869 ea,
3695 1821 3802 1877 qua:

2239 1893 2386 1949 dicta
2425 1892 2645 1949 fuerant
2671 1911 2685 1947 :
2710 1892 3112 1965 Tempestatem
3139 1894 3384 1966 quidem,
3411 1910 3537 1966 quas
3574 1895 3628 1950 in
3659 1898 3803 1951 fidem

2240 1992 2296 2040 et
2308 1985 2638 2048 universum
2671 1997 2965 2041 commune
2985 1985 3339 2040 vehementer
3362 1986 3546 2052 irruit,
3576 1994 3629 2041 et
3651 2003 3806 2057 usque

2238 2076 2309 2131 ad
2336 2076 2692 2132 fundamenta
2717 2075 3020 2133 Ecclesium
3052 2076 3377 2147 periculosis
3402 2078 3626 2149 agitavit
3654 2077 3809 2134 flueti-

2238 2168 2366 2235 bus,
2398 2177 2456 2223 ct
2485 2167 2685 2223 animae
2712 2166 3077 2239 naufragium
3093 2168 3282 2224 multis
3308 2169 3648 2236 conciliavit,
3676 2171 3806 2225 nulla

2237 2267 2325 2315 est
2366 2261 2542 2323 auris,
2576 2274 2701 2329 quae
2743 2273 2856 2315 non
2904 2260 3199 2331 acceperit,
3233 2261 3451 2317 etiamsi
3489 2263 3650 2332 pauci
3688 2262 3804 2318 effu-

2241 2350 2423 2423 gerint
2443 2352 2552 2405 vim
2576 2351 2850 2421 procellas.
2880 2349 3039 2409 Hunc
3059 2366 3191 2407 vero
3224 2354 3414 2409 sedare
3446 2356 3734 2422 turbinem,
3763 2369 3809 2412 et

2242 2445 2525 2491 nocturnae
2551 2452 2747 2507 pugnae
2769 2438 2897 2493 luna
2925 2453 3034 2494 non
3063 2439 3280 2496 lucente
3310 2443 3451 2498 hanc
3474 2458 3677 2513 pacare
3697 2462 3808 2515 pro-

2241 2527 2457 2596 cellam,
2508 2528 2688 2595 majus
2721 2536 2825 2595 est,
2884 2544 3053 2599 quam
3105 2540 3166 2585 ut
3201 2531 3326 2587 ullae
3358 2533 3504 2588 vires
3544 2534 3595 2588 id
3629 2545 3810 2605 queant

2243 2628 2528 2689 praestare.
2552 2618 2687 2685 Quis
2708 2621 2878 2687 enim,
2909 2638 3031 2692 qua:
3054 2630 3161 2677 tam
3189 2623 3396 2680 nefarie
3421 2625 3675 2693 invaluit,
3698 2644 3812 2683 con-

2243 2712 2617 2780 suetudinem,
2673 2721 2727 2769 et
2776 2722 2988 2771 naturae
3037 2716 3148 2770 vim
3195 2716 3424 2786 accepit,
3473 2730 3531 2773 et
3564 2720 3811 2773 mundum

2240 2805 2639 2875 propemodum
2670 2805 3034 2876 jurejurando
3062 2808 3243 2878 adegit
3279 2809 3550 2866 adversus
3589 2810 3813 2867 divinam

2241 2902 2590 2964 potestatem,
2619 2896 2974 2965 converterit,
3013 2906 3069 2953 et
3094 2895 3286 2954 fecerit
3322 2899 3540 2957 discere
3577 2903 3717 2972 quod
3744 2913 3816 2959 est

2226 2985 2463 3055 melius,
2510 2986 2617 3042 nisi
2667 2987 2809 3044 Deus
2853 2989 3128 3059 aspexerit
3161 2999 3218 3045 et
3254 2990 3565 3046 defenderit
3597 3004 3818 3050 vestram

2243 3076 2486 3133 divinam
2530 3081 2899 3147 potestatem?
2941 3079 3210 3145 Ecclesia,
3255 3096 3378 3151 quze
3423 3081 3723 3153 impietatis
3750 3094 3819 3153 ty-

2244 3168 2475 3223 rannide
2521 3169 2652 3225 olim
2688 3169 2793 3226 fuit
2826 3180 2990 3228 exuta
3019 3172 3226 3229 veteris
3267 3172 3488 3229 decoris
3536 3173 3818 3245 pulchritu-

563 3265 749 3333 Patre,
774 3265 841 3329 de
865 3278 932 3320 eo
961 3264 1107 3335 quod
1139 3272 1258 3319 erat
1288 3270 1480 3334 postea
1512 3262 1984 3328 constituendum,
2008 3278 2141 3318 con-
2172 3298 2215 3355 ϐ
2247 3260 2393 3327 dine,
2434 3262 2737 3337 lacerisque
2780 3266 2979 3336 pannis
3021 3264 3115 3320 diu
3166 3280 3292 3321 esse
3342 3265 3541 3321 induta
3574 3267 3820 3322 sustinuit

563 3360 748 3421 silium
780 3359 1060 3426 ineuntes,
1093 3356 1180 3414 usi
1211 3366 1345 3414 sunt
1366 3357 1550 3414 verbis
1578 3356 1849 3429 ejusmodi
1890 3372 1903 3407 :

635 3451 690 3510 8.
713 3449 835 3507 Non
873 3459 1135 3522 putamus
1182 3451 1354 3515 latere
1394 3459 1545 3506 tuam
1594 3450 1968 3521 prudentiam,
2001 3450 2146 3521 quod

565 3540 861 3611 praeteritis
914 3539 1256 3612 temporibus
1303 3538 1609 3596 Ecclesium
1679 3539 1882 3594 invasit
1943 3539 2151 3610 vertigo

565 3633 838 3711 haeretica:
861 3631 1133 3704 caliginis,
1164 3647 1288 3704 quas
1309 3632 1483 3688 nihilo
1513 3631 1851 3688 tolerabilius
1873 3645 1993 3686 eam
2021 3644 2153 3701 ope-

568 3726 701 3793 ruit,
758 3741 923 3798 quam
958 3740 1100 3781 nova
1148 3725 1306 3798 plaga
1346 3723 1691 3797 Egyptiaca,
1754 3724 2016 3790 tenebrae,
2070 3723 2154 3778 in-

568 3835 760 3891 quam,
816 3818 1137 3891 palpabiles,
1192 3826 1249 3873 et
1298 3833 1474 3888 usque
1503 3819 1558 3877 in
1618 3816 1944 3875 hodiernum
2006 3814 2151 3871 diem

569 3910 753 3967 cancri
785 3924 942 3965 more
977 3910 1152 3983 serpit
1183 3925 1282 3981 per
1312 3924 1530 3981 gregem
1561 3926 1577 3963 :
1609 3917 1663 3966 et
1704 3924 1801 3988 per
1835 3909 2151 3964 universum

568 3998 687 4057 fere
719 4000 988 4057 mundum
1037 4000 1094 4055 in
1139 4002 1380 4057 animam
1411 4001 1714 4058 commovit
1750 4010 2150 4075 tempestatem.

572 4088 704 4159 Sed,
744 4092 1010 4163 quoniam
1041 4091 1186 4150 Deus
1218 4093 1484 4149 ineffabili
1530 4104 1669 4162 nutu
1707 4110 1825 4150 eam
1872 4096 2152 4166 produxit,

570 4185 690 4257 ejus
715 4184 995 4249 ductores,
1033 4185 1128 4255 qui
1168 4199 1281 4240 non
1316 4185 1467 4256 juste
1507 4185 1715 4256 justum
1748 4186 2006 4257 persequi
2048 4196 2155 4242 sta-

570 4283 811 4341 tuerant,
834 4275 988 4347 justo
1006 4275 1222 4345 judicio
1267 4277 1336 4330 ab
1384 4276 1617 4348 imperio
1644 4277 1846 4332 exemit
1875 4286 1928 4332 et
1958 4293 1987 4331 a
2019 4276 2152 4344 vita,

572 4379 627 4423 et
653 4378 911 4437 tanquam
944 4366 1253 4439 lampadem
1279 4368 1667 4438 praelucentem
1693 4376 1936 4424 nostram
1962 4382 2155 4422 accen-

573 4457 654 4513 dit
684 4456 1011 4526 potentiam’.
1056 4466 1118 4511 ut
1167 4457 1322 4511 mala:
1368 4457 1645 4528 Opinionis
1685 4456 1973 4531 abigamus
2008 4466 2157 4512 tene-

572 4549 724 4613 bras,
757 4556 813 4602 et
844 4546 1116 4603 faciamus
1157 4548 1362 4603 exoriri
1406 4549 1580 4603 solem
1627 4547 1995 4619 cognitionis;
2030 4561 2158 4604 ecce

2250 3364 2470 3423 propter
2497 3355 2676 3425 putria
2708 3362 2763 3410 et
2790 3356 3060 3412 imbecilla
3100 3356 3356 3429 dogmata
3395 3358 3652 3424 haeresis,
3689 3373 3818 3414 nunc

2251 3460 2280 3499 a
2309 3444 2422 3501 Deo
2455 3446 2610 3502 vobis
2633 3454 2867 3527 ornetur
2887 3447 2995 3518 piis
3025 3447 3406 3504 varietatibus.
3445 3449 3554 3504 Per
3580 3466 3679 3506 vos
3703 3464 3821 3520 ergo

2230 3547 2583 3593 renoventur
2619 3537 2870 3593 mandata
2898 3539 3295 3610 apostolorum,
3324 3555 3422 3611 per
3469 3556 3597 3612 quae
3625 3540 3821 3595 refulsit

2252 3628 2511 3698 splendor
2539 3643 2682 3683 verat
2724 3628 2871 3684 ﬁdei.
2925 3629 3218 3701 ReSpirent
3266 3646 3554 3688 sacrarum
3600 3632 3821 3702 synodo-

2254 3738 2375 3777 rum
2406 3738 2544 3794 pura
2584 3723 2823 3787 decreta,
2848 3738 2971 3793 quas
3008 3723 3347 3795 evangelicis
3396 3733 3695 3780 servantur
3726 3733 3822 3778 tra-

2253 3815 2581 3880 ditionibus,
2623 3830 2726 3872 nec
2771 3816 3050 3872 sustinent
3104 3817 3157 3870 in
3211 3817 3480 3872 aeternum
3520 3816 3636 3872 ullo
3680 3816 3824 3870 modo

2255 3920 2418 3975 posse
2469 3906 2693 3976 surripi.
2750 3906 3083 3976 Aperiantur
3141 3907 3412 3963 vestibula
3478 3916 3821 3978 paternorum

2254 3999 2597 4069 dogmatum,
2632 4006 2687 4054 et
2714 3997 2922 4054 Christi
2952 3997 3225 4068 pecudum
3256 4001 3311 4052 in
3336 3997 3419 4055 eis
3449 4014 3648 4069 greges
3674 4009 3828 4052 trans-

2256 4101 2404 4157 eant,
2454 4101 2508 4146 et
2539 4100 2798 4162 tanquam
2828 4105 2893 4146 ex
2953 4091 3139 4147 divino
3174 4090 3431 4162 paradiso
3474 4092 3826 4147 confiteantur

2256 4181 2562 4238 doctrinam
2597 4190 2761 4237 rectas
2784 4180 3171 4237 confessionis.
3200 4182 3302 4238 Per
3339 4180 3705 4254 Caiphaieuin
3730 4181 3827 4253 (l5)

2257 4274 2402 4330 enim
2435 4275 2727 4330 concilium
2761 4273 2905 4330 facta
2935 4283 3019 4330 est
3052 4275 3267 4329 abortio
3296 4273 3443 4332 fetus
3469 4276 3715 4330 haeresis.
3740 4277 3827 4329 Per

2257 4368 2655 4423 (ecumenicam
2707 4367 2976 4438 synodum
3018 4377 3325 4422 nascantur
3359 4366 3458 4421 lilii
3492 4366 3766 4425 Ecclesiae.
3786 4374 3829 4419 et

2255 4457 2662 4513 ad.mensuram
2695 4459 2872 4512 astatis
2897 4456 3100 4513 Christi
3128 4457 3532 4513 incrementum
3552 4457 3827 4526 accipiant.

2257 4548 2393 4605 Nam
2417 4550 2464 4607 si
2491 4552 2597 4606 hoc
2629 4553 2830 4605 factum
2857 4548 3047 4617 fuerit,
3070 4558 3126 4605 et
3155 4550 3380 4621 antiqua
3409 4566 3477 4607 ae
3506 4550 3687 4621 prima
3712 4547 3833 4602 ami-

573 4650 627 4697 te
657 4653 954 4696 evocemus
1000 4638 1349 4695 defensorem
1400 4647 1455 4694 et
1481 4647 1961 4709 propugnatorem,
2000 4647 2055 4694 et
2084 4639 2151 4693 ad
2182 4641 2230 4700 D
2256 4648 2378 4695 ctus
2416 4639 2684 4710 dignitate
2734 4637 2902 4695 fuerit
2946 4639 3225 4705 decorata,
3279 4649 3334 4695 et
3382 4654 3536 4696 verte
3575 4636 3831 4710 opinionis

508 4741 530 4769 κ
570 4735 678 4788 hoc
708 4741 985 4799 certamen
1014 4729 1346 4801 adjutorcm,
1379 4730 1549 4801 utqui
1582 4730 1825 4785 sciamus
1846 4736 1902 4785 te
1926 4729 2157 4799 pulchre

526 4807 535 4818 ’
576 4839 737 4894 posse
770 4822 975 4878 armari
1029 4822 1098 4879 ad
1153 4832 1361 4877 rectam
1413 4820 1668 4877 tuendam
1704 4820 2059 4886 sententiam,
2104 4827 2159 4875 et

575 4927 780 4973 structa
810 4931 875 4973 ex
912 4916 1179 4972 divinitus
1214 4915 1499 4986 inspiratis
1533 4912 1838 4985 Scripturis
1882 4915 2021 4979 acie,
2057 4928 2157 4984 pro

572 5026 638 5066 ea
672 5010 969 5083 conﬂigere
997 5020 1054 5066 et
1105 5018 1156 5065 te
1207 5008 1466 5081 praeclare
1497 5021 1702 5079 gerere.
1732 5006 1812 5063 Ne
1845 5022 1975 5079 ergo
2007 5018 2157 5078 terga

507 5086 539 5133 ι¹
575 5114 762 5159 vertas
791 5102 861 5157 ob
901 5117 988 5168 ea,
1034 5117 1157 5173 quae
1188 5101 1275 5172 pie
1336 5115 1365 5154 a
1403 5099 1561 5155 nobis
1605 5108 2006 5169 proponuntur,
2061 5097 2156 5167 qui

576 5194 879 5252 mundanis
904 5194 1101 5264 opibus
1128 5201 1184 5248 et
1210 5193 1384 5263 cepiis
1407 5192 1694 5251 studemus
1733 5205 2026 5262 procurare
2062 5205 2159 5261 pa-

577 5289 660 5342 cis
703 5286 1047 5342 utilitatem:
1095 5285 1228 5355 quin
1276 5284 1441 5341 etiam
1506 5285 1737 5355 pedibus
1791 5291 1848 5337 et
1900 5282 2157 5337 manibus

578 5393 737 5449 opem
768 5377 935 5442 ferre,
969 5385 1023 5433 et
1055 5392 1276 5432 omnem
1325 5390 1546 5431 movere
1579 5375 1834 5445 lapidem,
1867 5383 1927 5428 ut
1955 5374 2156 5429 dicitur

577 5471 632 5524 in
663 5468 999 5537 Proverbiis,
1029 5479 1089 5523 ut
1119 5467 1430 5523 inveniatur
1459 5466 1606 5536 quod
1651 5465 1937 5536 quaeritur,
1966 5473 2021 5520 et
2062 5480 2158 5534 ap-

652 5643 766 5717 (15)
807 5641 934 5717 Hace
958 5649 1065 5717 est.
1090 5643 1546 5717 pseudosynodus
1562 5641 2060 5717 _Constan_tinopoli
2104 5645 2157 5700 in

581 5713 792 5788 palatio
833 5713 1030 5791 Hieriae
1059 5715 1132 5796 ab
1177 5713 2162 5796 imperatore.potlstantinoutzoprg-

587 5783 753 5868 ἓν]ηο
784 5785 1138 5864 congregata,
1171 5783 1318 5838 anno
1346 5784 1557 5850 imperii
1612 5786 1703 5850 15,
1752 5783 2065 5867 lndietione
2102 5787 2154 5851 7,

588 5858 793 5911 Christi
836 5855 965 5923 754,
1016 5854 1309 5922 habuaque
1337 5868 1365 5907 a
1396 5864 1594 5923 quarto
1643 5855 1750 5910 dus
1807 5852 2154 5921 Februarias,

588 5861 793 5911 Christi
836 5861 961 5915 754,
1017 5861 1309 5922 habttaque
1337 5868 1365 5907 a
1396 5864 1594 5923 quarto
1643 5861 1750 5910 dus
1807 5861 2155 5921 Februarias,

587 5929 653 5979 ad
700 5935 914 5981 sextum
952 5922 1079 5980 ldus
1124 5923 1439 5993 Augustas:
1482 5924 1631 5982 nullo
1678 5933 1944 5994 praesente
1976 5939 2040 5979 ex
2069 5940 2159 5981 ca-

2258 4732 2384 4803 pius
2412 4730 2731 4804 degmatum
2764 4730 2986 4787 Lucifer
3013 4739 3199 4788 vestro
3232 4732 3413 4788 studio
3444 4747 3575 4788 eam
3613 4730 3833 4786 illustra~

2259 4826 2418 4889 verit,
2473 4825 2707 4899 habebit.
2743 4838 2935 4880 omnes
2985 4824 3170 4880 ﬁdeles
3223 4826 3280 4880 in
3328 4825 3524 4880 eadem
3582 4820 3830 4879 sententia

2258 4915 2664 4979 convenientes,
2709 4923 2763 4969 et
2792 4930 2919 4970 suas
2968 4915 3180 4970 animas
3227 4904 3655 4987 profundentes,
3693 4921 3751 4968 ut
3778 4927 3832 4966 ea

2261 5009 2527 5064 stabiliter
2587 5007 2836 5074 fundata,
2887 5018 3244 5065 conservetur
3293 5025 3462 5081 supra
3506 5012 3722 5063 firmam
3751 5017 3831 5072 pe-

2259 5111 2401 5156 tram
2434 5101 2577 5158 fidei.

2331 5195 2423 5249 10.
2474 5195 2612 5250 Cum
2655 5195 2773 5250 haec
2823 5206 3006 5250 coram
3058 5194 3391 5264 imperatore
3436 5192 3645 5247 animae
3696 5187 3834 5243 utilia

2262 5287 2595 5343 declarasset
2623 5289 2900 5357 mysteria,
2936 5287 3054 5356 ipse
3082 5301 3208 5341 eum
3243 5296 3420 5357 rogat,
3469 5294 3533 5340 ut
3558 5298 3686 5339 eum
3715 5292 3837 5351 quo-

2261 5395 2370 5455 que
2414 5379 2482 5435 de
2522 5380 2610 5435 his
2654 5380 3016 5435 disserentem
3071 5378 3260 5433 audiat
3315 5377 3638 5433 communis
3678 5382 3838 5427 uetus

2263 5471 2468 5542 populi.
2507 5469 2643 5527 Nam
2694 5472 2799 5526 hoc
2845 5479 3013 5540 caput
3055 5480 3218 5525 recta:
3263 5468 3385 5525 ﬁdei
3426 5469 3648 5524 ferebat
3697 5461 3837 5519 turba

2264 5653 2499 5718 tholicis,
2537 5647 2784 5717 sedibus,
2841 5652 3088 5708 Romana
3153 5652 3396 5716 scilicet,
3464 5647 3841 5704 Antiochena.

2261 5722 3177 5795 Alexandrina,Hierosolymitana
3198 5741 3227 5795 _:
3264 5724 3317 5776 in
3349 5722 3640 5795 eaActrltus
3667 5732 3843 5795 sacra-

2264 5809 2383 5865 rum
2414 5796 2725 5865 imaginum-
2745 5789 3036 5849 damna'tus
3061 5805 3163 5849 est.
3197 5792 3431 5865 Legendi
3463 5789 3838 5858 Theophane!»

2262 5861 2601 5934 Nicephorius
2633 5866 2685 5920 in
2717 5864 2992 5921 Breviart'o
3030 5861 3289 5929 historice,
3334 5861 3564 5932 aliique.
