4026 6378
278 310 402 377 1393

273 517 567 587 adoranda;
592 517 938 574 venerandas
969 518 1261 590 imagines.
1297 518 1443 576 Nutu
1490 536 1622 592 ergo
1652 520 1840 576 Eccle-

274 612 361 668 siae
386 610 488 665 hoc
516 608 694 669 facere
723 610 1009 676 incitatus,
1034 626 1160 667 cum
1188 610 1385 668 fuisset
1410 612 1463 667 in
1490 613 1696 684 inclyta
1735 612 1841 670 Ma-

273 714 482 774 guaurte
510 698 621 771 (l6)
647 700 877 770 palatio,
903 701 1160 758 universa
1199 704 1512 760 conﬂuente
1539 705 1758 761 civitate
1786 714 1841 762 et

272 790 582 848 sacerdotali
619 792 998 857 multitudine,
1031 807 1093 848 se
1139 794 1363 864 quidem
1404 796 1706 857 excusavit.
1741 811 1840 851 va-

271 882 386 938 lidis
427 883 813 940 demonstrans
861 884 1193 950 rationibus,
1241 885 1419 956 qualis
1460 896 1607 942 esset
1653 901 1841 942 sacer-

268 974 390 1029 dotii
423 971 695 1044 professio
726 983 780 1030 et
812 975 1072 1045 dignitas,
1112 984 1170 1032 et
1203 977 1270 1032 ad
1304 987 1565 1048 quantam
1593 978 1839 1033 altitudi-

268 1080 381 1120 nem
408 1075 462 1120 et
496 1065 931 1137 magnitudinem
963 1068 1161 1123 evehat
1189 1084 1340 1135 eum,
1377 1071 1471 1139 qui
1498 1071 1615 1125 vult
1646 1070 1712 1125 ad
1736 1070 1842 1127 hoc

265 1157 551 1227 procedere
588 1177 601 1211 :
635 1172 804 1228 seque
837 1174 946 1214 non
974 1174 1098 1215 esse
1142 1159 1402 1215 idoneum
1448 1162 1517 1216 ad
1564 1162 1613 1216 id
1660 1164 1840 1219 susci-

265 1248 538 1320 piendum,
602 1258 662 1304 ut
714 1251 808 1320 qui
865 1251 981 1321 jam
1026 1251 1156 1306 olim
1208 1250 1377 1308 fuerit
1425 1254 1742 1324 implicatus
1785 1255 1840 1309 in

265 1342 449 1396 mundi
477 1341 867 1413 dignitatibus,
906 1343 1039 1398 etin
1072 1344 1238 1414 hujus
1262 1345 1387 1400 vita
1413 1345 1589 1401 turbis
1610 1355 1665 1402 et
1691 1347 1844 1402 solli-

264 1433 597 1489 citudinibus
626 1434 926 1505 plurimum
959 1434 1265 1501 involutus,
1296 1445 1352 1491 et
1373 1437 1665 1508 mysticum
1695 1438 1844 1494 hunc

264 1535 457 1581 statum
490 1526 740 1582 nondum
766 1528 1089 1598 gustaverit.
1127 1527 1267 1583 Eum
1292 1529 1460 1595 enim,
1488 1531 1581 1599 qui
1611 1531 1677 1586 ad
1702 1532 1844 1587 hanc

264 1618 604 1674 vocationem
639 1628 695 1689 et
742 1619 893 1675 hunc
922 1620 1154 1690 gradum
1203 1630 1483 1692 properat,
1542 1622 1732 1689 illotis,
1784 1630 1846 1679 ut

267 1706 481 1773 dicitur,
534 1708 796 1765 manibus
844 1709 954 1765 cito
1002 1710 1070 1764 ad
1106 1710 1159 1765 id
1205 1710 1438 1777 insilire,
1478 1724 1535 1769 et
1572 1729 1695 1785 quae
1734 1730 1843 1772 non

267 1801 405 1870 tangi
442 1811 697 1872 possunt,
750 1811 974 1872 tangere
1020 1818 1128 1858 non
1173 1814 1258 1860 est
1294 1814 1470 1861 tutum
1508 1826 1529 1869 ι
1561 1801 1657 1865 sed
1691 1824 1839 1877 eum,

261 1892 350 1962 qui
388 1902 472 1948 est
504 1892 777 1950 educatus
808 1895 862 1948 in
899 1895 992 1962 iis,
1028 1910 1152 1966 qua:
1178 1895 1246 1951 ad
1279 1896 1385 1955 hoc
1417 1896 1844 1970 ferunt,justifi-

261 1983 604 2051 cationibus,
643 1994 698 2041 et
731 1986 976 2043 directus
1022 1988 1356 2060 evangelicis
1410 2000 1464 2045 et
1498 1993 1839 2063 apostolicis,

262 2085 318 2131 ut
366 2092 463 2147 par
516 2087 622 2145 est,
683 2068 916 2137 vivifici:
968 2081 1257 2147 doctrinis,
1313 2083 1380 2138 ad
1415 2083 1840 2141 discernendum

262 2170 397 2224 viam
423 2179 633 2227 rectam
667 2182 720 2228 ct
748 2173 1031 2230 incurvam
1066 2192 1081 2228 τ
1120 2184 1180 2230 ιιι
1214 2177 1305 2231 illa
1337 2175 1562 2247 quidem
1589 2190 1843 2249 pastora-

262 2261 375 2317 liter
400 2263 638 2319 deducat
686 2266 750 2321 ad
800 2268 1067 2337 meliOra;
1108 2269 1250 2325 hanc
1294 2279 1474 2325 autem
1513 2271 1749 2328 declinet
1791 2283 1846 2329 ct

260 2353 403 2419 vizet,
460 2357 858 2415 convenienter
899 2360 1101 2417 divinae
1161 2362 1544 2429 admonitioni,
1606 2377 1665 2419 ut
1722 2382 1845 2435 quae

260 2448 445 2515 procul
502 2447 644 2506 ferat
680 2465 710 2506 a
767 2452 877 2508 Deo
923 2462 977 2508 et
1021 2454 1141 2525 ejus
1193 2456 1698 2513 constitutionibus.
1749 2457 1843 2515 His

259 2537 473 2607 fretum,
515 2541 728 2597 traduci
762 2554 978 2614 oportet
1026 2546 1093 2601 ad
1133 2548 1587 2618 magnitudinem.
1635 2549 1718 2605 Me
1746 2568 1846 2605 au-

260 2642 382 2699 tem,
439 2647 501 2691 ut
544 2638 650 2692 scit
695 2637 870 2707 Deus,
914 2642 980 2696 ad
1029 2643 1134 2697 hoc
1186 2644 1597 2713 suscipiendum
1654 2662 1845 2701 mona-

258 2729 477 2784 sterium
513 2731 746 2788 invitum
774 2744 1075 2805 coegerunt
1125 2736 1508 2807 imperatores,
1559 2755 1685 2794 cum
1738 2741 1843 2796 hoc

261 2820 387 2896 mihi
424 2838 709 2894 nunquam
753 2827 995 2882 venisset
1026 2826 1081 2881 in
1117 2838 1378 2896 mentem,
1431 2846 1610 2899 neque
1640 2831 1707 2885 de
1742 2832 1845 2886 hac

259 2925 491 2981 unquam
526 2917 770 2971 rectione
785 2918 1136 2989 cogitassem.
1161 2918 1448 2991 Tanquam
1498 2923 1672 2977 electo
1714 2938 1844 2992 ergo

259 3002 346 3057 Dei
392 3006 600 3077 pepulo
645 3017 699 3063 et
738 3010 887 3080 gregi
930 3026 1106 3066 meam
1156 3014 1509 3069 communico
1553 3013 1844 3068 conscien-

1802 313 2004 377 VITA.

275 425 533 491 militaris,
562 431 622 479 ut
648 424 740 480 cui
784 439 894 481 non
922 424 1201 483 videretur
1243 440 1366 484 esse
1392 427 1758 484 admitteudas
1788 435 1842 482 et
1871 432 1918 487 Δ

3322 302 3532 369 ‘mi

2557 422 2788 481 CAPUT
2833 422 2920 477 IV.

1944 534 2129 591 Sancti
2169 535 2381 592 Tarasii
2406 537 2722 592 exercitatio
2746 537 3003 608 virtutum
3034 552 3162 608 erga
3196 550 3270 601 se,
3305 536 3529 600 clerum,

2420 623 2702 678 pauperes,
2744 605 3057 662 monachos.

2015 697 2533 755 {2..Coutiuentiam
2554 699 2700 755 enim
2735 709 2997 769 tanquam
3030 697 3315 756 Encrateae
3347 699 3529 767 illius,

1943 797 1997 844 et
2027 791 2123 858 qui
2162 804 2282 846 eam
2331 791 2447 861 jam
2483 791 2692 862 pridem
2728 791 2944 867 abunde
2974 801 3322 857 exercuerat,
3352 807 3532 862 usque

1945 885 2081 939 adeo
2112 885 2217 940 sibi
2256 887 2470 956 paravit
2496 901 2562 941 ex
2589 902 2676 953 eo,
2709 886 2856 957 quod
2900 895 3049 943 esset
3077 887 3267 957 paucis
3306 897 3533 943 conten-

1947 985 2056 1042 tus,
2111 988 2170 1033 ut
2211 986 2360 1034 esset
2414 978 2535 1049 ejus
2584 980 2763 1036 victus
2815 995 2846 1035 a
2900 979 3068 1035 rebus
3106 980 3532 1051 supervacaneis

1944 1067 2171 1122 omnino
2211 1068 2448 1134 alienus,
2493 1077 2687 1124 etnon
2723 1069 3009 1126 luxurians
3051 1085 3227 1140 usque
3268 1072 3335 1126 ad
3366 1071 3531 1126 satie~

1947 1167 2135 1215 tatem.
2173 1158 2311 1215 Vitae
2351 1171 2537 1215 autem
2578 1177 2694 1217 suae
2721 1161 2965 1218 habenas
3000 1164 3076 1218 ita
3112 1162 3525 1227 moderabatur,

1946 1260 2000 1306 ct
2029 1251 2198 1305 animi
2230 1253 2708 1323 perturbationum
2740 1255 3009 1310 tumultus
3056 1254 3129 1309 ita
3170 1255 3528 1326 reprimebat,

1946 1352 2004 1398 ut
2033 1352 2181 1399 esset
2217 1345 2479 1401 omnibus
2528 1345 2938 1402 divinissimum
2970 1347 3250 1418 exemplar
3281 1347 3531 1418 proposi-

1947 1444 2087 1500 tum,
2136 1436 2222 1490 cui
2267 1451 2551 1507 nunquam
2603 1437 2922 1508 persuaderi
2959 1446 3193 1507 poterat,
3242 1447 3302 1493 ut
3345 1452 3530 1493 move—

1947 1532 2105 1579 retur
2132 1524 2198 1579 ad
2234 1526 2533 1596 appetitum
2562 1527 2878 1597 voluptatis.
2921 1527 3060 1583 Cum
3093 1537 3272 1583 autem
3301 1527 3368 1584 ad
3392 1528 3532 1583 divi—

1947 1631 2143 1671 narum
2172 1614 2585 1688 Scripturarum
2611 1618 3024 1676 meditationem
3044 1621 3149 1677 sibi
3173 1621 3529 1677 domesticam

1948 1707 2237 1763 ascivisset
2264 1707 2531 1778 vigiliam,
2570 1722 2826 1764 somnum
2861 1716 2921 1764 ut
2950 1707 3198 1764 membra
3233 1709 3452 1765 solvens
3480 1720 3534 1764 et

1948 1798 2140 1855 inutile
2180 1799 2514 1854 amandabat
2557 1801 2896 1871 mancipium
2933 1818 2945 1853 :
2976 1809 3031 1854 et
3079 1814 3206 1855 cum
3253 1816 3388 1856 usus
3421 1801 3535 1855 exi-

1948 1898 2126 1961 geret,
2176 1907 2373 1947 rursus
2415 1890 2643 1962 jubebat
2683 1892 2899 1947 adesse.
2945 1891 3081 1958 Quis
3106 1892 3255 1946 enim
3298 1907 3425 1946 eum
3476 1892 3533 1945 in

1947 1976 2091 2038 lecto
2118 1984 2553 2050 recumbentem,
2586 1994 2682 2039 aut
2717 1984 2974 2040 mollibus
3001 1985 3263 2056 stragulis
3292 1999 3532 2055 unquam

1948 2074 2085 2131 vidit
2124 2075 2480 2131 involutum?
2527 2074 2664 2143 Quis
2715 2076 2957 2131 tunicam
3010 2086 3065 2133 et
3121 2091 3318 2131 zonam
3367 2092 3534 2145 super

1948 2168 2129 2225 cubile
2158 2170 2525 2226 dimittentem
2561 2178 2803 2241 unquam
2835 2170 3046 2240 accepit
3088 2178 3139 2224 et
3180 2170 3531 2241 prarparavil,

1952 2270 2009 2315 ut
2041 2272 2189 2318 esset
2217 2262 2521 2333 elegantior
2545 2273 2599 2319 et
2630 2264 2999 2320 concinnior?
3025 2263 3157 2331 Quis
3193 2279 3257 2319 ex
3289 2262 3413 2333 eius
3442 2279 3536 2334 pe-

1948 2353 2111 2410 dibus
2143 2370 2387 2426 unquam
2421 2355 2659 2411 detraxit
2684 2356 2923 2421 calceos,
2952 2363 3004 2410 et
3032 2355 3249 2426 alligata
3279 2357 3531 2425 spongia,

1950 2454 2008 2499 ut
2049 2440 2316 2509 mos'est,‘
2342 2447 2612 2516 lanvigavit
2642 2456 2694 2501 et
2728 2447 2930 2518 poliit?
2971 2446 3076 2502 Sed
3110 2448 3227 2516 ipse
3258 2456 3376 2501 erat
3406 2447 3532 2510 sibi,

1950 2545 2006 2589 ut
2037 2535 2261 2601 dicitur,
2295 2536 2602 2605 balneator,
2634 2546 2688 2593 et
2720 2539 3055 2594 inserviebat
3101 2539 3204 2594 sibi
3249 2541 3316 2593 ad
3373 2554 3534 2595 usum

1948 2629 2201 2696 corporis
2236 2646 2248 2682 :
2289 2628 2344 2682 in
2378 2627 2483 2685 hoc
2521 2644 2743 2700 quoque
2775 2630 3057 2685 Christum
3096 2631 3422 2702 magistrum
3454 2632 3536 2684 di—

1950 2718 2078 2773 vino
2099 2717 2218 2773 zelo
2253 2718 2507 2786 imitans,
2544 2719 2682 2774 dixit
2715 2737 2728 2774 :
2770 2737 2789 2771 ι
2822 2718 2940 2775 Non
2972 2720 3094 2774 veni
3116 2729 3174 2775 ut
3212 2720 3342 2774 mihi
3376 2721 3539 2775 mini-

1949 2820 2238 2875 strarctur,
2271 2811 2364 2866 sed
2418 2820 2478 2866 ut
2512 2811 2886 2867 ministrarent
2942 2812 3166 2884 (Matth.
3198 2829 3290 2876 xx,
3337 2811 3439 2884 28)
3468 2830 3481 2868 :
3514 2833 3529 2863 ι

1948 2902 2260 2972 exemplum
2304 2903 2635 2961 humilitatis
2659 2905 2909 2976 praebens
2939 2906 3057 2962 suis
3096 2905 3405 2975 discipulis.

2023 2997 2110 3051 15.
2164 2995 2411 3053 Habebat
2458 3006 2641 3053 autem
2678 2999 3081 3069 precationem,
3129 3014 3250 3069 qua:
3299 3006 3534 3053 mentem

258 3094 406 3161 tiam,
467 3105 550 3163 ut,
605 3100 652 3154 si
704 3114 793 3155 me
847 3100 975 3157 huic
1028 3103 1271 3158 maximo
1309 3105 1519 3159 muneri
1556 3104 1840 3161 volueritis
1873 3112 1915 3170 C
1950 3090 2188 3147 δυωίηὶθ
2225 3094 2291 3147 ad
2325 3094 2497 3149 οοείοε
2530 3094 2814 3159 θνεῒιθιὶθῑ»
2868 3105 2926 3149 οι
2970 3094 3069 3149 50“
3120 3091 3233 3147 [δυο
3279 3090 3541 3148 reddebat

259 3186 500 3259 alligare,
558 3199 614 3246 et
666 3206 755 3247 me
802 3192 967 3263 hujus
1016 3194 1210 3267 jugum
1272 3196 1459 3252 subire
1513 3198 1840 3264 statuet-itis,

259 3279 537 3336 traditioni
575 3283 933 3338 tecumenicze
970 3282 1094 3339 fidei
1134 3299 1234 3339 vos
1258 3300 1477 3355 quoque
1507 3287 1655 3356 ipsos
1681 3288 1844 3342 incli-

259 3374 415 3441 netis,
465 3383 526 3431 et
563 3389 634 3429 ne
683 3390 781 3431 vos
817 3376 973 3446 sequi
1015 3378 1196 3449 pigeat
1244 3377 1455 3446 Patres,
1494 3381 1586 3448 qui
1624 3380 1726 3436 hac
1761 3382 1845 3436 via

258 3474 380 3520 sunt
414 3466 675 3537 ingressi,
707 3476 763 3523 et
794 3484 891 3523 sex
927 3469 1041 3540 (l7)
1079 3471 1287 3526 sanctis
1340 3472 1702 3527 oecumenieis
1753 3489 1845 3542 sy-

258 3554 432 3623 nodis,
469 3567 527 3611 ct
559 3556 647 3623 iis,
692 3572 816 3628 quae
856 3559 941 3628 pie
983 3561 1053 3614 ab
1105 3559 1239 3629 ipsis
1277 3571 1407 3615 sunt
1437 3562 1682 3625 decreta,
1715 3577 1847 3617 cou-

257 3647 459 3702 seutire
498 3663 570 3702 ne
598 3652 883 3707 recusetis.
919 3651 1000 3706 Ad
1031 3667 1328 3723 supernam
1366 3656 1511 3707 enim
1559 3655 1848 3710 lueredita-

255 3745 358 3792 tem
414 3742 803 3796 transmittunt
839 3758 961 3810 eos,
1020 3745 1114 3815 qui
1162 3746 1295 3815 ipsis
1349 3756 1561 3815 parent,
1605 3755 1658 3801 et
1712 3747 1849 3803 fiunt

256 3839 511 3888 auctores
542 3848 758 3903 magnae
787 3845 842 3889 et
882 3836 1213 3893 immortalis
1249 3838 1739 3894 remunerationis.

323 3923 411 3979 ll.
465 3924 604 3995 Ejus
650 3927 836 3997 itaque
886 3929 1296 3985 admonitiones
1352 3938 1613 4000 tanquam
1666 3931 1846 4001 angeli

254 4029 413 4071 voces
451 4018 696 4074 admittit
727 4021 985 4091 populus,
1021 4031 1073 4076 et
1104 4021 1327 4092 polliciti
1365 4037 1424 4080 se
1462 4023 1637 4078 instar
1661 4024 1845 4078 ovium

257 4121 548 4166 secuturos
577 4110 870 4168 ducentem
900 4115 1273 4185 pastoralitcr,
1297 4130 1375 4181 se,
1399 4125 1459 4171 ut
1482 4114 1594 4170 Deo
1623 4116 1739 4171 etei
1762 4115 1844 4171 vi-

255 4202 434 4269 detur,
465 4204 525 4259 in
558 4205 819 4261 omnibus
862 4207 1143 4276 parituros
1182 4206 1549 4262 ailirmabaut.
1589 4206 1747 4261 Tunc
1780 4206 1848 4262 de

254 4305 454 4353 caetero
519 4296 886 4368 inspiratione
916 4298 1030 4369 (18)
1057 4297 1379 4369 principalis
1422 4308 1478 4353 et
1511 4298 1683 4354 divini
1719 4297 1845 4369 Spi-

257 4388 416 4455 ritus,
452 4390 810 4460 conspirante
840 4390 1005 4445 etiam
1040 4392 1279 4448 consilio
1327 4392 1698 4463 imperatoris,
1726 4392 1843 4447 limi

255 4481 523 4537 mundani
559 4492 766 4536 mutata
796 4482 1082 4554 dignitate,
1114 4492 1171 4538 et
1208 4493 1366 4540 tonsa
1405 4500 1562 4541 coma
1597 4484 1703 4540 ritu
1735 4484 1846 4541 cle—
1879 4464 1921 4520 Ῑ)

254 4570 376 4632 rici,
411 4571 757 4641 honestoque
794 4580 849 4626 et
879 4571 1194 4625 venerando
1223 4572 1334 4626 alio
1361 4580 1583 4641 sumpto
1612 4572 1843 4635 amictu,

253 4661 455 4717 divinis
490 4671 544 4718 et
575 4662 917 4733 spiritalibus
949 4663 1419 4726 invocatiouibus,
1476 4663 1619 4718 sicut
1659 4662 1843 4716 Aaron

254 4764 307 4809 ct
332 4754 589 4819 Phinees,
621 4756 854 4825 suscipit
890 4755 1208 4812 unctionem
1257 4757 1486 4811 honoris
1524 4755 1843 4811 sacerdota-

254 4843 344 4909 lis,
375 4856 429 4901 et
457 4847 707 4902 ascendit
735 4847 802 4901 ad
839 4846 1187 4902 altitudinem
1220 4847 1496 4903 cathedrae
1522 4847 1842 4918 pastoralis,

254 4936 362 4992 luci
397 4938 575 4995 lucem
611 4938 941 5011 adiungens,
977 4949 1031 4995 ct
1070 4940 1331 4997 virtutem
1379 4956 1588 5012 augens
1628 4942 1845 4997 virtuti-

256 5029 379 5096 bus,
431 5041 487 5087 et
537 5031 760 5087 modum
814 5033 1205 5102 superantibus
1253 5034 1595 5104 profectibus
1625 5035 1842 5100 datum,

256 5123 695 5180 sacratissimum
730 5126 996 5180 talentum
1028 5127 1420 5197 multiplicans.

330 5323 446 5391 (16)
489 5322 862 5393 Luitprandus
900 5323 995 5376 lib.
1038 5321 1125 5387 Vl,
1170 5322 1242 5375 De
1275 5326 1424 5375 rebus
1465 5322 1845 5393 imperatorum

259 5404 308 5445 ct
339 5409 540 5461 regum,
571 5392 690 5461 cap.
727 5397 783 5456 2,
828 5394 904 5447 ait
934 5394 1041 5447 diei
1075 5412 1094 5443 ς
1126 5393 1283 5462 quasi
1312 5406 1564 5461 magnam
1598 5392 1777 5444 aulam
1814 5406 1846 5459 ρ

259 5463 380 5519 loco
407 5463 437 5514 λ
468 5465 669 5533 posita,
720 5479 950 5532 esseque
996 5465 1152 5517 mirae
1197 5462 1591 5532 magnitudinis
1622 5478 1687 5514 ac
1721 5462 1846 5533 pul-

258 5532 629 5589 chritudinis:
670 5553 688 5585 ι
739 5544 795 5588 et
842 5533 1093 5602 pluribus
1151 5534 1316 5586 situm
1352 5540 1723 5602 ornaturmjue
1749 5532 1846 5583 dt:-

259 5604 468 5659 scribit.
497 5603 691 5660 Fuisse
726 5606 780 5659 in
818 5600 1098 5659 Hebdomo
1133 5603 1399 5657 suburbio
1428 5603 1555 5655 ulim
1594 5619 1623 5654 ει
1665 5600 1846 5654 Theo-

259 5672 420 5746 dosio
448 5676 668 5746 juniore
720 5678 838 5729 urbi
889 5674 1123 5734 incluso,
1189 5675 1349 5726 docet
1401 5672 1598 5746 tiillius
1649 5673 1741 5724 lib.
1782 5669 1842 5746 IY

262 5741 642 5815 Topngraphiu’
672 5746 1198 5809 (Ionstuntimqmlros
1231 5759 1349 5811 cap.
1389 5742 1439 5808 4,
1482 5743 1737 5810 additque
1779 5741 1846 5794 alt

1950 3182 2306 3253 familiarem,
2339 3195 2396 3241 et
2437 3186 2809 3256 conjungebat
2855 3186 3216 3255 incorporeis,
3249 3193 3303 3239 et
3349 3185 3537 3254 expel-

1947 3275 2097 3331 lebat
2144 3293 2364 3332 omnem
2422 3277 2823 3342 tentationem,
2875 3276 3263 3333 convenienter
3320 3276 3534 3330 Domini

1947 3368 2189 3438 eloquio.
2217 3368 2436 3423 Nullum
2463 3370 2608 3424 enim
2634 3378 2753 3425 erat
2777 3377 3010 3439 tempus,
3037 3383 3279 3438 quonon
3306 3368 3538 3424 habebat

1950 3460 2128 3515 solum
2154 3474 2278 3515 eum
2310 3475 2449 3532 genu
2483 3459 2792 3517 ﬂectentem
2816 3470 2869 3516 et
2897 3469 3233 3533 surgentem,
3261 3458 3316 3515 e't
3341 3475 3537 3514 manus

1951 3550 2019 3606 ad
2063 3551 2237 3608 cmlos
2284 3538 2660 3621 extollentem,
2710 3560 2767 3607 et
2810 3567 3051 3624 superne
3106 3552 3463 3623 accipientem
3508 3569 3553 3609 τι

1952 3644 2065 3701 Deo
2102 3646 2589 3709 illuminationem.
2633 3645 3013 3701 Humilitatem
3048 3660 3209 3711 vero,
3247 3654 3308 3701 ut
3340 3661 3462 3716 quae
3489 3648 3536 3699 ei

1951 3754 1983 3794 a
2013 3753 2185 3809 puero
2215 3737 2393 3794 fuerat
2424 3737 2738 3809 familiaris,
2767 3738 2838 3793 ita
2864 3749 2944 3794 est
2970 3737 3310 3808 complexus,
3346 3746 3401 3791 ut
3431 3754 3537 3791 non

1952 3832 2132 3887 solum
2166 3846 2233 3886 ca
2277 3832 2331 3886 in
2370 3832 2492 3902 ipso
2535 3831 2973 3903 conspiceretur,
3022 3840 3077 3885 et
3128 3846 3195 3885 ex
3224 3845 3286 3885 ea
3322 3829 3537 3884 laudem

1950 3931 2346 3995 assequeretur
2379 3940 2392 3977 :
2426 3924 2521 3980 sed
2572 3922 2738 3978 etiam
2803 3922 3064 3977 transiret
3113 3920 3181 3975 ad
3236 3918 3396 3983 alios,
3446 3920 3537 3986 qui

1949 4017 2208 4086 exemplo
2249 4029 2355 4071 suo
2399 4012 2860 4070 informabantur.
2908 4011 3097 4067 Multis
3142 4012 3289 4067 cnim
3334 4026 3398 4065 ex
3449 4010 3517 4064 iis

1950 4108 2046 4178 qui
2081 4116 2241 4163 erant
2288 4107 2448 4163 relati
2487 4106 2542 4162 in
2574 4121 2867 4161 numerum
2894 4090 3247 4166 clericorurn,
3292 4102 3385 4173 qui
3411 4118 3539 4155 SUO;-

1950 4200 2169 4256 lumbos
2201 4201 2357 4257 zonis
2389 4198 2686 4271 cingebant
2724 4197 2928 4263 aureis,
2966 4203 3024 4251 et
3053 4195 3232 4252 ornati
3262 4203 3421 4248 erant
3446 4208 3540 4245 va-

1950 4291 2051 4349 riis
2098 4301 2152 4348 ct
2187 4292 2447 4363 pretiosis
2497 4290 2748 4347 vestibus
2785 4288 3035 4353 sericeis,
3078 4303 3274 4342 aurum
3309 4287 3531 4357 quidem

1952 4382 2199 4450 ademit;
2257 4382 2387 4439 fecit
2433 4391 2621 4439 autem
2671 4381 2993 4451 succingere
3048 4379 3268 4434 lumbos
3305 4378 3543 4447 cingulis

1951 4479 2224 4534 contextis
2252 4492 2319 4532 ex
2360 4477 2487 4548 pilis
2519 4490 2835 4547 caprarum.
2869 4472 2940 4529 lis
2967 4488 3116 4535 vero,
3149 4473 3243 4541 qui
3292 4474 3388 4527 toti
3421 4488 3545 4526 cor-

1936 4570 2071 4641 pori
2102 4585 2168 4626 ex
2187 4568 2382 4624 iisdem
2421 4568 2532 4637 illis
2546 4579 2852 4639 purpureas
2877 4574 3058 4621 vestes
3090 4564 3367 4620 habebant
3407 4579 3542 4617 con-

1952 4669 2171 4728 textas,
2227 4660 2506 4731 excogitat
2564 4658 2782 4714 tunicas
2832 4664 3073 4712 remotas
3131 4671 3162 4708 a
3217 4653 3579 4709 curiositate“

1950 4752 2125 4809 nimii
2159 4761 2213 4807 et
2243 4752 2483 4814 deliciis,
2519 4759 2582 4805 ut
2607 4765 2730 4819 qua:
2753 4756 2939 4803 essent
2974 4746 3205 4801 vestitus
3252 4744 3539 4805 honestus,

1951 4854 2008 4899 et
2052 4843 2416 4899 convenirent
2456 4840 2547 4905 iis,
2596 4841 2692 4909 qui
2727 4836 2840 4893 Deo
2883 4836 3093 4892 servire
3125 4843 3457 4898 statuerunt,
3491 4850 3546 4894 et

1952 4937 2278 5007 profitentur
2319 4931 2716 4987 humilitatem.
2754 4930 2831 4984 Ex
2863 4942 2975 4999 quo
3024 4923 3157 4996 quid
3194 4925 3420 4981 evenit?
3469 4925 3541 4981 Ut

1953 5028 2234 5084 tolleretur
2274 5024 2520 5095 quidem,
2554 5020 2823 5093 quidquid
2876 5019 3065 5075 damni
3117 5033 3181 5074 ex
3224 5033 3291 5075 eo
3346 5033 3543 5073 nascc-

1950 5120 2146 5183 hatur;
2181 5118 2550 5171 honoraretur
2584 5120 2767 5169 autem
2803 5110 3112 5182 frugalitas,
3157 5118 3216 5164 ut
3244 5109 3543 5165 thesaurus

1952 5318 2230 5390 aliquibus
2281 5318 2353 5370 ita
2386 5316 2516 5380 dici,
2570 5313 2715 5383 quod
2752 5311 3080 5394 Anastasius
3139 5310 3263 5368 istic
3313 5311 3539 5382 perierit

1951 5404 2148 5457 magna
2179 5403 2314 5442 aura
2352 5395 2735 5457 tempestatum
2772 5393 3099 5457 exstinctus.

2024 5450 2137 5527 (Π)
2180 5457 2305 5511 llaec
2343 5450 2485 5527 sunt—7
2522 5455 2736 5509 Niczena
2772 5454 2810 5527 l_,
2846 5451 3456 5527 Constantinopolitana
3496 5450 3530 5512 I,

1952 5524 2275 5649 Ει›Ἢςὶιιεῖή
2361 5525 2872 5587 Chalcedonensis,
2970 5524 3534 5593 Constantinopolim-

1953 5617 2019 5649 na
2127 5608 2179 5649 el
2285 5637 2296 5649 .

1953 5597 2330 5739 na(il8)ClHltiiic
2384 5666 2646 5734 indicant,
2697 5680 2818 5735 (1!er
2862 5665 2913 5718 in
2955 5678 3016 5719 eo
3056 5663 3345 5722 eluxerunt
3380 5663 3534 5730 signa

1936 5741 2051 5794 -viri
2089 5739 2394 5809 aposlnlit‘i.
