4026 6432
473 325 611 392 1395

1535 333 1594 390 S.
1627 332 1938 394 TARASII
1969 331 2482 392 PATRIARCHIE
2515 333 2624 392 (ΖΡ.

3594 331 3733 397 1396

477 439 749 509 quispiam
783 437 1230 508 prntiosissimus.
1265 439 1601 495 'Castitalem
1640 457 1800 504 vero,
1845 454 1901 496 ct
1931 457 2054 512 quae
2082 450 2126 502 Α
2160 440 2453 496 vocabatur
2479 440 2629 498 Estia
2665 441 2798 512 (21),
2835 445 3106 500 veniebat.
3155 443 3270 502 Illic
3315 445 3462 500 enim
3501 446 3736 515 parabat

477 547 604 586 cum
642 545 704 587 ca
729 529 902 588 simul
935 529 1102 600 degit,
1129 531 1574 601 temperantiam,
1607 543 1664 588 ut
1695 548 1817 603 qua:
1846 533 2052 589 sancti-

476 624 786 678 ﬁcationem
847 621 1242 688 conciliarent,
1309 625 1602 694 appellavit
1657 639 1919 682 sorores:
1956 641 2052 696 per

473 727 640 782 quas,
685 729 812 782 que
847 729 1085 794 carnem.
1104 715 1342 778 invadit.
1393 717 1671 772 sordidam
1699 727 1756 772 et
1784 717 2053 774 adulteri-

447 805 1016 870 ,nam-exterminans
1050 807 1438 877 cegitationcm
1472 818 1527 862 et
1566 805 1880 877 ignominiaa
1921 808 2053 865 affe-

475 897 685 952 ctiones
715 896 1056 966 depopulans
1082 941 1096 964 ,
1151 913 1182 954 a
1226 899 1334 953 Deo
1369 897 1474 952 fuit
1510 899 2053 966 redimitusyictrice

475 1001 680 1042 corona
720 987 1170 1056 impatibililatis.

549 1077 635 1132 14.
685 1077 1234 1145 Commiscratiouem
1287 1091 1467 1136 autem
1515 1091 1566 1138 et
1615 1082 1946 1139 ditissimam
1998 1083 2050 1138 in

475 1185 739 1239 pauperes
775 1171 1204 1228 misericordiam
1233 1182 1345 1227 tam
1375 1173 1641 1239 hilariter,
1670 1181 1740 1229 ut
1768 1173 1860 1229 ille
1887 1174 2049 1240 dixit,

453 1261 761 1330 impertiit,
807 1271 869 1316 ut
909 1273 1199 1334 superaret
1231 1279 1446 1327 omnes,
1489 1265 1580 1334 qui
1633 1265 2054 1334 suppeditabant

475 1352 828 1422 pauperibus,
873 1362 931 1410 et
974 1353 1127 1414 ﬁeret
1160 1371 1336 1412 novus
1378 1353 1604 1426 Josepb,
1630 1355 1766 1410 dans
1808 1354 2052 1410 frumen-

476 1453 592 1496 tum
625 1443 930 1514 egentibus.
967 1443 1093 1500 Suae
1121 1445 1266 1501 enim
1296 1461 1501 1502 menste
1529 1445 1762 1501 obsonia
1785 1445 1840 1498 in
1877 1445 2050 1501 frusta

473 1535 882 1603 comminuens,
931 1537 996 1592 ad
1051 1539 1395 1608 accipiendos
1436 1553 1555 1602 eos,
1591 1537 1681 1608 qui
1714 1539 2048 1603 esuriebant,

477 1625 530 1679 in
573 1625 691 1682 dies
733 1627 813 1682 eis
841 1628 1068 1696 parabat
1099 1629 1431 1684 convivium.
1466 1629 1696 1685 Abunde
1727 1640 1910 1685 autem
1944 1630 2050 1685 hu-

471 1717 563 1784 jus
594 1717 669 1773 rei
700 1727 830 1776 sunt
877 1727 1044 1776 testes
1087 1735 1261 1790 usque
1305 1721 1359 1774 in
1394 1720 1720 1776 hodiernum
1755 1720 1923 1787 diem,
1957 1723 2053 1776 de-

2153 531 2440 601 egen’tibus
2477 531 2811 597 maximum,
2867 549 2978 604 quo
3033 535 3432 605 acciperentur,
3484 536 3732 604 epulum.

2137 623 2306 688 Quos
2343 637 2468 676 cum
2517 621 2744 678 fecisset
2777 625 3114 690 recumbere,
3146 625 3456 696 incipiebat
3489 626 3603 694 ipse
3629 639 3736 678 mt-

2141 715 2411 778 tnistrare,
2443 713 2634 768 vinum
2668 713 2954 770 cﬁ‘undens
2981 731 3047 772 ex
3081 727 3310 782 cratere,
3348 726 3404 772 et
3443 725 3628 786 potum
3653 717 3738 771 eis

2153 801 2512 858 distribuens.
2547 801 2762 858 Deinde
2799 817 2927 858 curn
2954 805 3061 860 boc
3099 820 3300 861 munus
3328 805 3583 871 cluisset,
3621 805 3738 860 ibat

2146 893 2212 948 in
2263 893 2488 948 domum
2545 908 2700 949 suam
2757 895 3200 963 patriarehicam,
3259 912 3373 953 non
3423 889 3735 969 aliquorum

2156 983 2540 1047 hinnulorum,
2573 993 2632 1036 ut
2657 983 2792 1038 dicit
2818 981 3027 1048 fabula,
3057 985 3312 1043 medullis
3341 1002 3402 1043 se
3445 989 3696 1043 nutriens
3719 1028 3736 1052 ,

2155 1090 2335 1144 neque
2374 1089 2565 1130 ntensa
2618 1074 2921 1146 Sybaritica
2967 1077 3080 1149 (92)
3135 1080 3439 1149 excipiens,
3486 1095 3740 1151 necquat

2157 1175 2400 1224 ventrem
2435 1167 2653 1222 titillant
2687 1176 2742 1222 et
2783 1147 3128 1238 impinguant
3171 1147 3432 1238 bellariis,
3490 1173 3582 1227 sed
3610 1147 3740 1226 ’ξι-υ-

2143 1258 2370 1329 .galtbns
2397 1259 2667 1320 obsoniis,
2695 1267 2750 1319 et
2771 1275 2890 1328 qua:
2912 1277 3020 1316 non
3042 1263 3373 1332 spectabant
3395 1263 3460 1318 ad
3487 1263 3735 1332 delicias,

2157 1365 2218 1407 se
2247 1351 2521 1408 reﬁciens.
2585 1353 2722 1418 Quis
2766 1353 2832 1408 ad
2876 1361 3086 1408 tantam
3130 1353 3454 1410 humilitatis
3500 1356 3741 1412 altitudi-

2153 1451 2648 1500 nem-memoratur
2675 1441 2849 1498 fuisse
2883 1452 3102 1500 erectus
3130 1459 3194 1498 ex
3235 1444 3326 1512 iis,
3359 1446 3452 1512 qui
3493 1461 3738 1516 unquam

2155 1534 2418 1590 fuerunt?
2459 1534 2594 1600 Quis
2623 1535 3014 1594 demissionem
3037 1536 3246 1592 Christi
3277 1537 3360 1594 sic
3383 1546 3471 1593 est
3493 1538 3741 1594 imitatus

2157 1625 2412 1695 (Philipp.
2455 1642 2517 1691 ιι,
2563 1627 2640 1694 7i,
2679 1627 2775 1697 qui
2817 1629 3030 1698 paterni
3085 1629 3240 1683 sinus
3286 1639 3395 1682 non
3457 1628 3742 1683 exinanita

2158 1716 2554 1786 irrogaitudine,
2603 1727 2806 1773 nostrae
2829 1718 3166 1788 paupertatis
3189 1718 3357 1774 subiit
3396 1717 3655 1788 speciem,
3685 1727 3742 1775 ct

477 1809 627 1864 ﬁnita
677 1799 1016 1880 receptacula
1047 1825 1239 1866 eorum
1285 1827 1473 1877 causa,
1505 1812 1598 1882 qui
1635 1812 1872 1882 hospitio
1905 1812 2054 1868 ’acci-
2089 1796 2128 1850 Β
2161 1807 2526 1883 nriuistrango
2553 1807 2757 1864 docens
2788 1809 2856 1863 ad
2903 1809 3106 1866 caelum
3147 1809 3388 1878 evolare,
3439 1807 3566 1863 fecit
3603 1822 3744 1862 con-

476 1901 784 1970 pieban-tur,
813 1911 868 1958 et
898 1917 1202 1973 pauperum
1243 1910 1559 1958 nostrorum
1591 1901 1844 1958 fratrum.
1882 1903 2025 1970 Quin

473 1993 635 2047 etiam
678 2009 994 2051 mansuram
1047 1994 1294 2064 pecuniae
1321 1994 1599 2050 dationem
1627 1995 1750 2050 aliis
1779 1995 1867 2066 pie
1896 1997 2056 2050 attri-

471 2083 614 2150 buit,
649 2084 703 2138 in
737 2085 1102 2155 pugillaribus
1137 2104 1334 2142 nomen
1377 2087 1815 2158 uniuscujusque
1846 2087 2055 2158 signiﬁ—

473 2190 629 2230 cans.
679 2175 1064 2242 Quotidianam
1121 2189 1302 2234 autem
1353 2178 1820 2247 distributionem,
1886 2193 2051 2250 quam

475 2281 642 2322 manu
675 2281 772 2324 sua
805 2270 1024 2340 propria
1057 2271 1111 2324 in
1147 2285 1342 2326 manus
1366 2285 1668 2342 pauperum
1700 2270 2050 2340 immittebat,

475 2357 602 2425 quis
633 2358 988 2414 ratiocinator
1015 2359 1300 2416 dimensus
1334 2359 1500 2415 fuerit
1544 2359 1888 2431 Diophantus
1915 2361 2051 2433 (l9),

477 2457 572 2502 aut
615 2449 982 2516 multiplicans
1009 2454 1316 2509 numerarit
1357 2451 1727 2512 Nicomachus
1763 2452 1898 2523 (‘20),
1933 2467 2056 2524 qua:

477 2549 595 2594 erat
637 2528 802 2598 arena
841 2545 1138 2614 copiosior,
1181 2555 1237 2602 et
1263 2561 1564 2618 egenorum
1595 2555 1814 2601 ventres
1842 2545 2056 2601 reﬁcie-

477 2633 611 2688 bat?
637 2632 856 2704 .lt-junio
879 2651 1032 2701 vero,
1061 2637 1207 2707 quod
1228 2649 1310 2694 est
1339 2647 1466 2693 ante
1485 2637 1691 2694 Christi
1716 2639 2052 2708 passionem,

477 2738 732 2795 magnam
753 2741 977 2798 erogare
1000 2727 1347 2798 largitionem
1379 2733 1434 2786 in
1461 2733 1694 2789 diversis
1717 2733 1851 2788 locis
1875 2741 1930 2788 et
1951 2747 2059 2788 cm-

458 2815 710 2884 _.naculis,
743 2817 832 2885 iis,
859 2820 951 2889 qui
977 2835 1169 2891 magna
1190 2823 1574 2890 premebantur
1598 2823 1802 2894 inopia,
1827 2823 1944 2894 ipse
1960 2839 2057 2878 ex—

477 2905 738 2975 cogitavit
767 2923 944 2978 usque
977 2909 1045 2964 ad
1072 2909 1273 2966 Christi
1308 2911 1482 2966 lucem
1522 2910 1800 2968 aﬁ‘erentis
1857 2911 2056 2966 festum

477 2995 750 3052 festorum
785 2996 1278 3058 Resurrectionem.
1317 2999 1384 3055 Et
1402 3001 1516 3056 otio
1548 3009 1601 3056 et
1629 3009 1872 3070 tempore
1891 3001 2056 3072 longo

2155 1901 2338 1960 sidere
2363 1918 2486 1960 cum
2527 1912 2752 1974 paterna
2784 1902 3107 1972 majestate?

2232 1995 2316 2051 l6.
2344 1995 2444 2051 llic
2473 1997 2612 2066 ipse,
2647 1994 2744 2064 qui
2775 2010 2921 2050 nunc
2947 1995 3227 2059 laudatur,
3259 1993 3476 2050 etiamsi
3523 1993 3577 2050 in
3623 2007 3754 2050 me—

2147 2089 2262 2148 diis
2293 2087 2596 2158 jactaretur
2621 2087 2971 2154 tumultibus,
3005 2101 3113 2142 non
3145 2087 3324 2144 solum
3355 2088 3560 2142 amavit
3583 2087 3743 2158 quie-

2157 2187 2266 2236 tem
2302 2189 2356 2234 et
2385 2179 2690 2242 silentium,
2731 2177 2824 2232 sed
2871 2177 2998 2234 aliis
3023 2193 3245 2249 quoque
3274 2193 3338 2234 ea
3369 2177 3572 2233 affatim
3605 2192 3740 2250 sup-

2156 2271 2440 2341 peditavit,
2487 2284 2584 2326 eos
2616 2285 2646 2324 a
2685 2269 2894 2326 mundo
2941 2269 3220 2326 abducens
3252 2278 3307 2324 et
3357 2268 3468 2328 Deo
3505 2267 3742 2323 reddens

2157 2363 2480 2428 familiares,
2507 2370 2565 2418 et
2593 2361 2808 2416 virtutis
2841 2359 3080 2416 efﬁciens
3115 2359 3278 2424 ﬁlios,
3325 2368 3385 2415 ut
3415 2360 3578 2432 hujus
3610 2373 3747 2414 san-

2157 2462 2258 2509 ctae
2283 2454 2409 2508 vita:
2434 2462 2489 2508 et
2523 2453 2860 2522 operationis
2884 2452 3098 2523 genitor
3124 2460 3180 2507 et
3207 2451 3528 2524 productor.
3562 2449 3735 2518 Hujus

2157 2555 2337 2600 autem
2370 2544 2450 2599 rei
2509 2545 2668 2599 ﬁdem
2702 2543 2836 2600 facit
2887 2545 3136 2609 omnino,
3163 2559 3232 2599 ex
3265 2543 3592 2599 :bzereditate
3645 2557 3744 2596 eo-

2157 2653 2305 2702 rum,
2343 2633 2470 2714 que:
2499 2638 2568 2692 ad
2593 2636 2798 2707 .ipsum
2836 2638 2954 2707 lege
3000 2637 3143 2694 dotis
3183 2653 3250 2694 ex
3295 2636 3454 2692 bonis
3493 2629 3740 2706 paternis

2157 2729 2407 2786 redibant
2455 2728 2782 2784 aediﬁcatum
2833 2730 3230 2786 monasterium
3270 2729 3386 2801 (25)
3420 2729 3474 2784 iu
3517 2727 3744 2786 sinistra

2159 2833 2315 2892 parte
2353 2823 2582 2899 Bospori
2647 2821 2890 2878 Thracii.
2928 2820 2986 2877 ln
3039 2839 3150 2893 quo
3187 2839 3312 2880 cum
3345 2821 3605 2880 arborum
3665 2831 3756 2870 ra-

2158 2911 2325 2966 tionis
2351 2911 2678 2982 participum
2705 2910 3008 2980 pla'ntasset
3027 2924 3292 2982 generosa
3323 2907 3592 2980 germina,
3613 2919 3746 2975 qua

2147 3003 2588 3074 pinguescebant
2633 3001 2854 3058 fluentis
2895 3001 3334 3068 exercitationis,
3375 3008 3429 3057 et
3467 3000 3748 3071 augeban-

479 3088 613 3188 mibi
640 3103 780 3159 cpus
814 3087 998 3158 fuerit,
1035 3100 1096 3146 ut
1136 3107 1232 3162 per
1252 3091 1498 3148 ordinem
1533 3092 1798 3148 collocem
1830 3091 2054 3148 accubi-
2079 3106 2130 3191 α·
2162 3101 2250 3146 tur
2277 3092 2516 3164 copiosis
2542 3093 2910 3150 condimentis
2940 3092 3308 3158 abstinentiae,
3337 3107 3402 3151 ea
3433 3085 3563 3148 fecit
3589 3089 3748 3147 Chri-

477 3187 568 3232 tus
597 3177 956 3259 invitatorum
981 3180 1259 3252 hospitum
1293 3191 1346 3237 et
1377 3183 1803 3254 proselytorum,
1833 3181 2057 3238 claudo-

479 3285 715 3340 rumquc
759 3279 814 3326 et
842 3285 1112 3327 caecorum
1169 3283 1224 3328 et
1266 3274 1586 3330 mutilorum
1631 3273 1939 3330 ordinatam
1975 3287 2058 3329 se-

476 3375 654 3430 quens
685 3364 1152 3432 consequentiam,
1186 3373 1240 3420 et
1289 3365 1523 3434 posteris
1572 3363 1696 3421 dem
1742 3362 2054 3434 exemplum

477 3454 722 3509 muniﬁci
751 3470 816 3510 ac
843 3455 1086 3512 liberalis
1111 3455 1369 3514 instituti.

549 3567 640 3622 l5.
677 3565 918 3638 Tempus
961 3578 1142 3625 autem
1193 3571 1429 3642 hymnis,
1467 3575 1611 3642 quod
1675 3585 1794 3631 erat
1851 3577 2058 3632 acerri-

478 3673 630 3713 mum
655 3698 670 3724 ,
709 3659 943 3730 niveque
985 3671 1040 3715 et
1085 3663 1204 3732 gelu
1263 3674 1320 3720 et
1366 3667 1538 3736 glacie
1577 3675 1737 3723 terrae
1784 3669 2058 3726 vinciebat

481 3748 763 3813 intestina,
799 3759 855 3805 et
884 3751 974 3816 iis,
1005 3754 1095 3822 qui
1139 3755 1193 3808 in
1239 3754 1356 3824 ipsa
1398 3769 1577 3822 erant,
1613 3759 1930 3829 imponebat
1971 3761 2058 3815 in—

483 3849 600 3896 star
657 3841 898 3910 collaris,
949 3842 1380 3915 frigefacicntem
1412 3863 1645 3918 eamque
1671 3851 2056 3922 gravissimam

484 3933 815 3998 molestiam,
851 3935 1128 4004 quomodo
1174 3935 1228 3990 in
1269 3951 1385 4003 eos,
1415 3939 1511 4008 qui
1558 3939 1874 4008 horrebant,
1899 3953 1948 3998 et
1980 3943 2059 3997 la-

463 4023 630 4091 .ceris
657 4026 854 4094 pannis
881 4035 1035 4081 erant
1077 4025 1262 4094 obsiti,
1301 4036 1354 4084 et
1376 4030 1552 4084 solum
1595 4030 1843 4100 pudenda
1879 4042 2062 4089 conto-

482 4115 707 4186 gcbant,
737 4129 872 4170 usus
895 4115 1390 4176 machinationibus
1409 4118 1648 4176 foventis
1678 4121 2058 4190 recreationis,

489 4207 872 4278 propulsavit?
901 4207 1141 4268 Tunicas
1172 4211 1341 4280 enim,
1394 4213 1645 4284 pentibus,
1692 4225 1749 4270 et
1787 4225 2060 4284 praeterea

489 4307 804 4369 tegumenta
835 4313 905 4354 ex
933 4301 1293 4360 crassissimis
1337 4305 1473 4359 lana:
1504 4303 1610 4359 ﬁlis
1637 4313 1694 4360 et
1734 4305 2062 4361 staminibus

486 4388 760 4459 confecta,
793 4399 848 4447 et
876 4391 1076 4448 vellere
1097 4393 1267 4450 denso
1297 4396 1505 4466 gravia,
1537 4409 1738 4466 magno
1771 4397 1891 4452 auri
1932 4410 2065 4466 pon-

453 4531 458 4536 .
483 4479 617 4536 dere
636 4495 846 4550 emens,
869 4492 924 4538 et
951 4482 1044 4548 iis,
1069 4484 1166 4553 qui
1190 4487 1293 4541 sub
1317 4486 1408 4541 dio
1433 4487 1632 4544 misere
1659 4487 2060 4558 adfigebantur,
2095 4487 2138 4542 D

487 4573 852 4642 distribuens,
879 4575 1102 4632 arcebat
1135 4591 1355 4646 gravem
1387 4579 1696 4634 molestiam
1728 4579 1966 4651 frigoris.
2003 4579 2060 4633 In

489 4666 720 4722 salutari
755 4676 958 4724 autem»
986 4669 1140 4740 prius
1183 4669 1331 4724 dicto
1369 4669 1459 4725 die
1500 4671 1812 4728 reverendae
1858 4671 2062 4729 Christi

488 4756 950 4826 Resurrectionis,
971 4765 1094 4828 post
1117 4759 1314 4814 divina:
1340 4760 1563 4829 synaxis
1585 4768 1640 4815 et
1651 4761 2065 4818 communionis

493 4857 775 4918 peractum
802 4849 1147 4922 mysterium,
1181 4849 1362 4910 adhuc
1392 4853 1566 4907 sacris
1593 4853 1844 4910 vestibus
1874 4854 2064 4909 candi-

489 4939 676 5006 datus,
709 4939 775 4995 ad
809 4939 1010 4995 veteris
1040 4939 1291 5004 basilicae.
1306 4939 1419 5011 jam
1449 4940 1694 4998 dirutum
1741 4941 1944 5010 locum,
1969 4941 2063 5012 qui

561 5181 674 5254 (fit)
713 5179 888 5254 [injust
916 5190 1094 5254 exstat
1131 5183 1487 5254 arithmetica
1517 5192 1570 5254 et
1600 5183 1854 5254 Algebra.

565 5249 679 5323 (20')
717 5249 1087 5324 Nicomachus
1117 5251 1425 5308 Gerasenos
1454 5249 1698 5324 scripsit'
1711 5253 1780 5310 de
1807 5256 2070 5313 arithme-

492 5321 623 5383 tica.
653 5321 974 5387 geometria,
1011 5321 1321 5384 harmonia,
1355 5334 1464 5378 etc.

566 5389 678 5458 (2t)
711 5389 1276 5466 SgribitSoaomenus
1300 5393 1393 5466 lib.
1445 5409 1506 5466 Ir,
1541 5411 1662 5466 cap.
1705 5395 1763 5458 2.
1801 5393 2069 5466 'Eatiava

496 5471 743 5535 tempore
756 5459 1103 5535 Constantini
1128 5463 1181 5535 in
1209 5463 1457 5535 maximo
1477 5459 1688 5535 honore
1717 5481 1748 5520 a
1770 5464 2070 5535 peregrinis

495 5538 552 5584 ct
598 5528 810 5583 civibus
843 5529 1084 5584 habitam
1143 5531 1358 5598 fuisse;
1415 5542 1472 5588 et
1521 5528 1864 5590 Michaelium
1901 5528 2068 5589 Etiam

497 5599 611 5672 dici
635 5599 707 5652 οι)
732 5599 1244 5672 sanctiarcbangeli
1277 5603 1665 5672 apparitiones.
1698 5603 1802 5659 Sed
1835 5604 1882 5660 is
1917 5605 2070 5658 locus

497 5670 553 5728 in
576 5667 819 5743 Bosporo
863 5666 1329 5743 Tlrracicositus;
1351 5666 1754 5743 navigantibus
1789 5689 1854 5726 cx
1898 5673 2072 5728 Ponto

496 5737 1028 5812 Lionstantinopolim
1057 5741 1125 5795 ad
1155 5739 1398 5797 dextram
1445 5737 1688 5814 apparet,
1736 5752 1789 5800 et
1819 5744 1974 5809 abest
2001 5744 2070 5800 ab

2157 3185 2226 3241 sti
2286 3185 2704 3256 agriculturam,
2763 3185 3101 3242 tricesimum
3139 3193 3196 3240 et
3232 3185 3639 3257 sexagesimum
3687 3191 3748 3240 et

2157 3279 2518 3333 centesimum
2541 3267 2802 3334 virtutum
2853 3277 3090 3334 fructum
3123 3277 3359 3334 ﬁdeliter
3384 3275 3746 3347 producentia

2157 3371 2212 3424 in
2247 3369 2538 3426 sanctitate
2589 3379 2645 3426 et
2673 3369 2907 3440 justitia.
2943 3369 3020 3426 Ex
3057 3370 3262 3439 quibus
3308 3369 3464 3426 multi
3511 3367 3584 3424 ab
3617 3367 3742 3439 ipso

2157 3472 2285 3516 sunt
2321 3461 2498 3516 vocati
2547 3462 2612 3516 ad
2669 3462 2990 3530 dignitatem
3035 3461 3389 3533 pastoralem,
3437 3469 3514 3526 et,
3547 3468 3606 3514 ιιι
3645 3473 3745 3528 par

2147 3562 2298 3624 erat,
2327 3563 2597 3610 ornarunt
2617 3553 3024 3624 possessionem
3048 3553 3340 3610 sacerdotii
3369 3570 3382 3606 :
3413 3553 3748 3622 fueruntque

2157 3647 2429 3701 columnae
2484 3645 2794 3702 immobiles
2825 3645 2950 3702 ﬁdei
2978 3645 3283 3702 catholicae.
3332 3643 3490 3711 Quod
3519 3643 3747 3715 quidem

2153 3738 2402 3794 ostendit
2457 3737 2749 3793 tenebrosa
2805 3737 3091 3793 inundatio
3169 3737 3417 3803 haeresis,
3477 3737 3746 3792 adversus

2160 3843 2322 3898 quant
2367 3829 2929 3900 fortiterpugnantes,
2960 3836 3016 3883 ct
3043 3829 3244 3884 nubem
3277 3829 3578 3884 subeuntes
3613 3828 3747 3883 mul-

2163 3930 2342 3974 torum
2374 3921 2748 3990 periculorum
2795 3921 2850 3974 in
2881 3919 3354 3990 persecutionibus
3384 3927 3440 3975 et
3489 3917 3744 3974 afﬂictio-

2163 4010 2345 4075 nibus,
2379 4018 2435 4065 et
2481 4009 2586 4066 sub
2635 4009 2726 4066 dio
2763 4010 3236 4081 perpessionibus,
3277 4009 3346 4065 ad
3395 4009 3746 4079 splendorem

2163 4101 2388 4172 superni
2423 4101 2668 4167 luminis,
2705 4117 2826 4158 eam
2865 4101 3124 4158 fuderunt
3151 4117 3215 4157 ac
3238 4101 3613 4172 dissolverupt
3641 4117 3655 4152 :
3690 4100 3748 4155 in

2162 4207 2271 4260 qua
2321 4192 2488 4246 etiam
2534 4207 2696 4247 suum
2745 4193 3026 4263 cOgnitum
3083 4193 3366 4250 reddidere
3398 4193 3746 4262 magistrum,

2153 4292 2423 4351 tanquam
2459 4295 2674 4352 semper
2701 4283 2974 4338 lucentem
3015 4281 3350 4340 Luciferum.
3380 4283 3448 4339 Et
3465 4285 3594 4341 hac
3621 4284 3751 4356 qui-

2163 4375 2287 4428 dem
2327 4379 2538 4443 postea.

2709 4511 2714 4514 -
2785 4483 3018 4544 CAPUT
3057 4486 3124 4542 V.

2169 4577 2412 4650 Synodus
2459 4595 2533 4634 vn
2603 4578 2958 4635 OEcumenica
3009 4579 3206 4634 Nicwe
3241 4579 3449 4635 habita.
3484 4579 3754 4652 latagum

2823 4671 3101 4725 restitutor.

2242 4762 2329 4816 l7.
2371 4761 2493 4832 Ipse
2533 4769 2717 4821 autem
2751 4759 3008 4830 perlectis
3058 4759 3356 4815 virtutibus
3388 4775 3518 4815 usus
3559 4768 3646 4814 est
3686 4760 3755 4814 ad

2172 4850 2506 4914 satietatem,
2533 4865 2658 4904 cum
2695 4859 2936 4904 mentem
2971 4865 3127 4906 suam
3159 4850 3378 4905 actione
3411 4849 3566 4920 prius
3593 4865 3756 4904 exer-

2171 4941 2391 5006 cuisset,
2433 4949 2494 4996 ut
2514 4941 2836 4997 ascenderet
2871 4941 2940 4996 ad
2970 4939 3516 5012 contortiplationcm,
3549 4949 3606 4995 et
3633 4941 3756 5010 ejus

2171 5191 2328 5256 urbe,
2361 5189 2406 5245 si
2441 5187 2564 5243 navi
2589 5187 2913 5254 trajiciatur,
2937 5187 3156 5242 circiter
3185 5186 3256 5241 55
3280 5184 3494 5250 stadiis;
3526 5185 3570 5240 si
3601 5185 3758 5240 sinus

2174 5260 2490 5328 interjectus
2536 5258 2764 5328 pedibus
2790 5267 2898 5328 aut
2927 5273 3068 5326 equo
3107 5257 3497 5328 circumeatur,
3533 5265 3758 5328 septua-

2171 5325 2344 5398 ginta.
2371 5325 2580 5382 Forsan
2611 5328 2684 5398 ob
2717 5327 2855 5381 bella
2880 5325 3272 5398 frequentiora,
3308 5336 3370 5379 ut
3404 5325 3588 5394 populi
3622 5325 3757 5398 reli-

2171 5395 2320 5480 gioni
2361 5396 2854 5462 obsecundaretur,
2882 5411 2949 5452 ea
2981 5395 3162 5451 statio
3193 5395 3250 5450 in
3281 5401 3418 5450 urbe
3459 5396 3757 5450 constituta

2171 5469 2358 5618 Ιιῗιὲῖ)
2399 5537 2668 5620 Sybarim
2692 5537 2748 5592 in
2776 5551 2971 5606 magna
2999 5534 3206 5592 Graecia
3232 5535 3384 5591 luxui
3412 5535 3760 5592 habebantur

2175 5610 2402 5664 nimium
2436 5610 2623 5664 dediti.

2249 5677 2360 5747 (‘23)
2403 5679 2458 5734 ln
2483 5694 2550 5735 co
2574 5680 2820 5750 sepultus
2847 5677 2967 5745 fuit,
2998 5687 3057 5732 ut
3087 5675 3230 5732 infra
3255 5675 3452 5732 dicitur
3477 5692 3634 5734 num.
3661 5676 3759 5733 52.
