4026 6384
273 319 396 390 μοι

1791 320 1990 384 VlTA.

3371 307 3511 370 1!.02

271 439 369 496 fide
417 434 642 492 haberet
683 434 1014 493 sententiam
1066 442 1123 492 et
1156 435 1488 492 voluntatem
1543 433 1822 504 aperiret,
1855 437 1900 494 Α
1929 433 2111 506 Mystae
2144 433 2350 496 eximii,
2381 447 2502 487 cum
2541 429 2608 486 ad
2641 435 3003 485 sacrosanctae
3041 423 3300 481 Ecclesia:
3328 423 3510 482 venis-

272 528 631 584 adhortantes.
689 525 1023 582 Acclamavit
1074 535 1456 588 sacrosanctus
1507 533 1708 587 costus,
1753 522 1828 576 ita

273 633 400 680 esse,
430 625 487 671 et
508 631 568 670 se
595 617 668 670 ita
697 615 902 671 sentire
922 615 992 670 de
1023 616 1457 672 venerandarum
1481 614 1592 686 (46)
1634 615 1831 686 imagi-

238 699 393 764 ‘num
424 707 646 776 antiqua
676 705 950 762 eilictione
987 716 1045 762 et
1073 707 1408 774 adoratione,
1442 701 1632 762 multis
1679 707 1832 762 libris

275 801 480 854 Patrum
525 797 704 851 allatis
754 805 810 850 et
868 797 1216 868 synodalibus
1264 797 1532 863 decretis,
1581 797 1834 866 verisque

1914 537 2055 582 .seut
2099 526 2470 598 praefecturas,
2509 531 2564 578 et
2597 522 2795 578 divinis
2825 519 3092 575 doctrinis
3123 516 3382 587 populum
3423 515 3510 568 in-

1932 621 2257 677 struxissent
2299 634 2362 672 ac
2404 611 2872 680 corroborassent,
2920 613 3007 676 iis,
3055 611 3146 680 qui
3201 610 3256 663 in
3303 608 3512 662 clerum

1933 711 2170 782 cooptati
2209 711 2424 764 fuerant
2453 715 2546 762 aut
2569 708 2942 777 episcopatum
2983 703 3266 762 tenebant,
3297 697 3509 752 nullum

1933 813 2064 858 ante
2085 801 2372 872 synodum,
2405 810 2498 853 aut
2548 799 2604 852 in
2657 797 2888 868 synodo,
2943 803 3039 848 aut
3082 801 3207 862 post
3247 789 3512 860 synodum

275 889 510 943 adductis
557 886 845 942 sententiis
889 895 942 941 el
985 885 1566 951 demonstrationihus,
1612 895 1668 940 Εἴ
1713 885 1838 941 dlii-
1913 894 2141 949 vcrimen
2195 891 2487 945 intendunt
2513 889 2582 942 de
2612 887 2778 958 priori
2827 885 2965 940 mala
3001 883 3283 953 opinione,
3335 891 3515 946 neque

279 978 420 1050 genti
458 978 840 1046 persecutione
874 977 1160 1047 impressis
1207 978 1261 1031 in
1310 978 1534 1032 auribus
1565 977 1832 1031 omnium.

277 1071 330 1126 ld
361 1077 538 1124 autem
570 1083 678 1123 non
713 1069 880 1123 semel
909 1085 1011 1124 nec
1045 1069 1156 1134 bis,
1191 1069 1284 1123 sed
1323 1069 1392 1122 ad
1425 1069 1711 1138 septimam
1741 1083 1836 1122 us-

279 1175 380 1230 que
404 1159 704 1215 sessionem
735 1161 790 1214 e't
820 1159 1153 1215 auditionem
1194 1167 1308 1214 toto
1347 1160 1436 1214 die
1481 1168 1835 1228 conspectum

277 1259 358 1306 est
383 1249 498 1304 fieri
545 1269 558 1304 :
597 1254 875 1318 quomodo
913 1251 1076 1305 etiam
1119 1251 1249 1304 A‘eta
1297 1250 1516 1318 scriptis
1559 1249 1836 1312 mandata,

279 1357 372 1412 per
410 1341 652 1396 divinam
703 1341 1148 1410 consequentiam
1185 1351 1240 1396 et
1284 1341 1529 1395 ordinem
1571 1339 1838 1394 iudicant.

281 1432 512 1488 Tandem
562 1448 685 1487 cum
731 1432 1009 1498 Tarasius,
1067 1442 1122 1488 et
1167 1433 1289 1503 pius
1337 1433 1429 1502 qui
1471 1447 1594 1486 cum
1629 1446 1696 1486 eo
1725 1439 1844 1484 erat

281 1533 450 1580 coetus
501 1523 766 1578 collectus
823 1523 1081 1588 Patrum,
1133 1522 1505 1577 venerandum
1565 1521 1844 1577 decretum

282 1615 578 1670 litterarum
623 1614 758 1668 tutis
801 1614 1174 1671 monumentis
1227 1613 1556 1676 mandasset,
1583 1620 1638 1666 et
1684 1619 1743 1664 ut
1790 1610 1844 1664 id

280 1704 481 1760 salvum
511 1713 569 1760 et
599 1705 874 1775 integrant
905 1712 1175 1766 maneret,
1205 1711 1458 1771 precatus
1484 1710 1650 1765 esset,
1694 1709 1750 1755 ct
1787 1710 1848 1755 ut

1937 1000 2052 1051 cos,
2074 984 2164 1054 qui
2195 981 2429 1037 ordinati
2461 981 2674 1034 fuerant
2703 979 2770 1031 ab
2802 975 3092 1040 haereticis,
3122 989 3153 1027 a
3183 971 3400 1042 pascuis
3425 984 3514 1023 se-

1938 1085 2164 1150 gregant
2188 1071 2604 1128 Ecclesiasticis.
2642 1068 2747 1123 Sed
2780 1066 3090 1139 synodalem
3139 1073 3194 1117 et
3229 1069 3515 1132 paternam

1941 1147 2230 1235 sequentes
2255 1159 2740 1231 dispensationem,
2767 1171 2864 1210 eos
2889 1154 3128 1224 quidem,
3159 1149 3250 1220 qui
3277 1149 3342 1203 ad
3371 1147 3516 1218 piam

1943 1257 2348 1328 transfugerant
2387 1253 2750 1314 sententiam,
2791 1247 3043 1304 manibus
3091 1243 3206 1298 suis
3247 1239 3518 1310 complexi

1943 1359 2071 1406 sunt
2094 1327 2352 1418 tanquam
2373 1345 2572 1400 fratres
2598 1355 2656 1398 et
2689 1342 2920 1410 collegas
2947 1339 3000 1392 in
3033 1349 3261 1390 munere
3296 1327 3517 1402 pontiﬁa

1945 1449 2098 1495 catus
2125 1455 2138 1490 :
2166 1452 2260 1491 eos
2284 1450 2436 1498 vero,
2469 1433 2562 1502 qui
2597 1433 2650 1485 in
2687 1447 2746 1485 re
2774 1429 2952 1498 aliqua
2975 1425 3435 1486 claudicavcrant,
3467 1429 3525 1475 et

1947 1529 2003 1584 in
2043 1528 2129 1594 iis,
2178 1541 2299 1596 quae
2343 1523 2409 1578 ad
2455 1521 2614 1576 fidem
2661 1519 2959 1589 pertinent,
2993 1512 3264 1585 perversis
3293 1522 3523 1579 aspexe-

1949 1629 2070 1675 rant
2102 1618 2294 1681 oculis,
2331 1625 2386 1670 et
2419 1613 2615 1668 deinde
2643 1627 2673 1666 a
2705 1611 2862 1680 lapsu
2893 1607 3256 1676 resipuerant,
3283 1609 3341 1655 ct
3374 1599 3527 1653 libel-

1953 1710 2015 1763 lis
2034 1702 2599 1777 comprehcndendam
2623 1700 2952 1768 abrogarant
2970 1693 3308 1764 opinionem,
3335 1687 3525 1742 iisdem

282 1794 486 1860 Patres,
509 1797 602 1865 qui
627 1797 862 1865 primam
883 1795 1147 1849 adversus
1171 1792 1438 1847 furiosum
1469 1793 1654 1846 Arium
1678 1792 1848 1846 victo-

1972 1801 2344 1870 ttnplectentes
2384 1791 2706 1850 visceribus.
2743 1766 3083 1843 collocabant
3133 1785 3190 1840 in
3235 1785 3349 1838 suis
3381 1781 3529 1836 sedi-

282 1885 412 1940 riam
431 1887 914 1951 erantconsecuti,
945 1886 1224 1955 adjutores
1249 1885 1530 1948 baberent,
1559 1891 1846 1946 eteorum,

280 1993 395 2048 quae
422 1987 572 2032 recta
603 1977 820 2033 decreta
863 1978 1100 2050 fuerant,
1155 1976 1434 2040 custodes,
1485 1975 1654 2028 Deum
1694 1975 1850 2028 invo-

281 2077 510 2132 cassent,
567 2078 624 2124 et
676 2085 827 2124 vanae
868 2069 1158 2137 inanisque
1201 2067 1368 2136 hujus
1405 2067 1692 2120 sententiae
1735 2063 1849 2132 (47)

281 2168 553 2226 auctores,
585 2167 640 2214 et
663 2159 842 2214 omnis
873 2157 1098 2213 haeresis
1128 2157 1461 2218 inventores,
1490 2156 1559 2210 ab
1585 2155 1723 2208 atrio
1759 2167 1854 2206 ec-

289 2252 598 2308 clesiastico
652 2265 752 2322 per
803 2251 1097 2305 anathema
1139 2255 1510 2320 separasseut,
1562 2245 1615 2298 in
1666 2244 1851 2298 urbem

282 2343 479 2414 regiam
543 2343 720 2396 delata
765 2342 1072 2398 orthodoxa
1130 2340 1380 2411 dagmata
1430 2343 1850 2391 conservarunt.

282 2429 424 2498 Quos
456 2449 674 2488 summa
703 2432 1083 2488 benevolentia
1107 2439 1442 2500 exceperunt
1472 2429 1853 2496 imperatores.

348 2525 437 2579 2!.
473 2525 588 2598 (48)
623 2527 818 2581 Erecta
859 2527 1043 2594 itaque
1087 2523 1344 2578 cathedra
1392 2519 1638 2590 ipsorum
1681 2519 1857 2587 impe-

283 2626 546 2676 ratorum.
601 2625 658 2674 et
705 2617 874 2673 totius
919 2633 948 2670 a
1006 2617 1115 2670 Deo
1163 2616 1354 2670 electae
1387 2612 1601 2685 synodi,
1647 2611 1704 2665 in
1743 2611 1856 2680 jam

285 2707 439 2764 dictae
487 2707 801 2780 Magnaurae
837 2707 1040 2778 insigni
1076 2707 1212 2773 aede,
1257 2713 1311 2759 et
1347 2719 1489 2759 novo
1521 2705 1740 2757 decreto
1771 2716 1859 2756 re-

285 2800 466 2864 citato,
514 2816 640 2855 cum
686 2815 849 2856 aures
885 2799 1268 2870 imperatorias
1315 2797 1536 2853 divinus
1581 2795 1861 2865 implesset

287 2892 519 2964 Spiritus
563 2893 897 2961 (audiebant
924 2891 1070 2946 enim
1129 2906 1225 2946 eos
1257 2891 1314 2944 in
1337 2903 1508 2943 unum
1532 2885 1860 2942 convenisse

287 2997 614 3041 concentum
645 2986 851 3042 auxilio
879 2986 1001 3056 ejus
1021 3024 1036 3046 ,
1068 2983 1161 3064 qui
1190 2981 1374 3036 omnia
1402 2979 1669 3042 continet,
1718 2983 1774 3030 et
1807 2975 1860 3028 in

289 3092 446 3131 unam
475 3078 823 3132 consensisse
853 3075 1230 3142 sententiam),
1257 3071 1505 3127 admirati
1541 3077 1670 3123 sunt
1697 3083 1860 3122 accu-
1889 3109 1934 3170 Ο

292 3169 558 3225 rationem
594 3189 606 3224 :
639 3180 694 3225 et
729 3185 850 3224 esse
881 3168 1188 3224 doctrinam
1222 3165 1422 3220 divina:
1462 3159 1860 3233 inspirationis,

292 3277 409 3330 quae
445 3263 516 3316 ab
551 3261 632 3316 eis
668 3260 889 3315 decreta
935 3258 1172 3320 fuerant,
1221 3255 1498 3324 sapienter
1536 3251 1864 3320 iudicantes,

295 3365 348 3408 et
377 3370 558 3423 penna
589 3360 644 3407 et
673 3369 836 3406 manu
870 3350 1218 3422 imperatoria
1269 3365 1331 3402 ea
1370 3346 1575 3416 optimc
1613 3353 1868 3408 compro—

296 3442 424 3497 bant
454 3451 511 3496 et
547 3442 868 3516 conﬁrmant
896 3449 1000 3495 :,et
1031 3455 1140 3494 non
1175 3438 1372 3494 vilibus
1409 3434 1570 3490 donis
1604 3431 1869 3501 synodum

297 3533 598 3600 prosecuti,
637 3547 1084 3601 unumquemque
1131 3529 1356 3584 mittunt
1400 3528 1452 3580 in
1499 3540 1653 3578 suam
1683 3520 1872 3576 civita-

299 3630 402 3678 tem
433 3631 492 3677 et
523 3622 589 3677 ad
619 3637 811 3693 greges
841 3621 1072 3676 rationis
1099 3619 1412 3689 participes.

907 3820 1133 3876 CAPUT
1177 3817 1260 3872 Vl.

1569 3905 1580 3928 ιΙ

305 3956 598 4030 Pro/ligata
641 3975 671 4010 a
727 3959 1170 4036 sancto_Tarasio
1221 3957 1428 4011 haeresis
1481 3961 1530 4008 et
1589 3952 1815 4007 simonia
1859 3967 1878 4006 :

607 4049 915 4104 immunitas
945 4049 1192 4103 Ecclesia:
1219 4055 1571 4120 propugnala.

371 4182 460 4236 22.
525 4179 783 4236 Tarasius
838 4186 1022 4234 autem
1081 4189 1138 4234 et
1200 4177 1617 4248 apostolicarum
1670 4173 1883 4229 scdium

303 4309 532 4379 epistola
557 4309 728 4364 sancti
756 4307 963 4364 Tarasii
997 4308 1062 4363 ad
1093 4307 1432 4378 patriarchas
1467 4305 1676 4362 sedium
1701 4304 1885 4358 orien-

308 4380 522 4444 talium,
551 4392 606 4434 et
632 4393 822 4433 eorum
853 4395 1200 4448 responsum.

377 4421 662 4520 (46),!!th
738 4421 1340 4518 omttialvpoiissiittum
1399 4447 1614 4502 actione
1759 4451 1889 4498 sunt
1922 4447 1964 4500 D

309 4530 482 4589 gesta.
797 4587 804 4589 _
1045 4561 1060 4574 .
1129 4565 1137 4572 .

381 4589 756 4672 “DAC’IWDC
775 4587 831 4672 5,
871 4604 978 4672 qua
1012 4599 1065 4672 et
1099 4597 1208 4641 tres
1240 4581 1896 4672 patriarcha'tﬁoustauti-

310 4655 614 4726 nopolitani
645 4655 990 4723 Anastasius,
1023 4657 1420 4715 Constantinus
1440 4667 1494 4711 et
1515 4655 1736 4720 .Nicetas
1761 4666 1894 4708 aua-

309 4729 538 4785 themati
569 4729 798 4797 subjecti
820 4738 968 4784 sunt.

383 4801 498 4872 (48)
523 4795 1054 4872 MenseNoventbri,
1089 4797 1164 4872 a_it
1187 4795 1570 4872 Theophanes.

387 4867 500 4941 (49)
528 4871 624 4952 llic
649 4871 798 4952 zelus
823 4884 1074 4938 magnam
1109 4868 1333 4948 Tarasio
1368 4867 1574 4948 peperit
1616 4867 1896 4948 invidiam,

317 4937 421 5011 qua
459 4937 788 4994 calumniam
817 4955 1017 5011 passus
1045 4937 1328 5011 est,_quasi
1364 4937 1738 5004 pecuniariam
1769 4954 1894 4990 eum

317 5009 442 5066 labe
479 5011 788 5064 Sitnoniaca
823 5009 1044 5064 fet-isset
1067 5009 1461 5062 ordinationem
1498 5023 1512 5070 ;
1544 5009 1686 5076 quod
1712 5023 1898 5062 verum

320 5097 432 5161 non
461 5083 636 5161 fuisse
661 5081 823 5161 tradit
861 5079 1014 5133 Theo
1038 5077 1428 5161 iorttsn‘Studiota
1459 5077 1514 5130 in
1566 5077 1797 5146 epistola
1833 5079 1898 5131 ad

324 5152 660 5232 Stephanum
713 5151 968 5232 lectorem
1009 5149 1145 5231 apud
1185 5147 1478 5231 Baconiqu
1534 5149 1599 5202 ad
1659 5163 1748 5200 an.
1797 5149 1897 5202 787

324 5217 478 5276 num.
508 5222 596 5282 59,
617 5222 739 5274 licet
760 5219 993 5275 fateatur
1022 5217 1073 5272 in
1094 5220 1459 5286 suspicionem
1485 5233 1546 5272 ea
1565 5218 1631 5270 de
1650 5233 1707 5269 re
1735 5217 1904 5272 fuis.~c

325 5293 622 5374 adductum
646 5293 788 5374 apud
817 5291 1128 5374 Monachus.
1160 5290 1425 5374 t_Ut.crgo
1446 5290 1510 5368 ad
1532 5303 1644 5342 rem
1664 5289 1900 5368 veniam,

325 5361 525 5432 i_nquit,
565 5357 824 5432 quidnam
888 5359 1010 5422 fuit,
1059 5361 1204 5432 quod
1240 5359 1532 5432 dissentire
1562 5372 1662 5432 nos
1707 5357 1833 5412 l'crit
1874 5376 1900 5410 a

326 5427 596 5487 Tarasio‘?
627 5430 1018 5501 Fides?Atqui
1082 5427 1264 5496 palam
1299 5429 1516 5498 quidem
1557 5427 1903 5501 ortltodoxus

327 5512 465 5566 erat,
490 5519 675 5558 sacras
710 5497 956 5570 synodos
1007 5497 1364 5568 sequebatur,
1394 5507 1448 5552 et
1488 5511 1610 5551 eum
1658 5497 1780 5551 aliis
1812 5513 1906 5564 pa-

330 5575 585 5627 triai-citis
615 5567 1013 5634 consentiebat,
1047 5567 1101 5624 et
1140 5571 1438 5624 maximum
1475 5579 1635 5622 antea
1675 5581 1776 5636 pro
1804 5567 1906 5621 [ide

331 5659 604 5697 esttamen
665 5645 1022 5696 sustinuerat.
1079 5639 1358 5695 Eorutnue
1417 5653 1608 5699 causa,
1679 5638 1770 5703 qui
1837 5639 1906 5690 ab

333 5719 528 5770 ιι.εϊιςι
565 5713 858 5771 redierant,
921 5712 1234 5778 susceptio?
1289 5711 1358 5762 At
1408 5725 1513 5762 non
1549 5711 1614 5760 ab
1659 5708 1750 5761 illo
1790 5707 1904 5760 haec

339 5797 574 5849 pmtttm
620 5795 857 5846 ttn‘eutu,
908 5800 1033 5837 runt
1089 5777 1117 5834 ἐι
1155 5783 1359 5835 sanctis
1405 5777 1660 5836 Pultibus
1711 5778 1907 5833 lrinlici

1929 1889 2053 1942 ~bns
2087 1904 2099 1940 :
2131 1894 2188 1939 et
2215 1885 2269 1938 in
2297 1882 2526 1952 paciﬁco
2551 1887 2695 1934 statu
2725 1888 2780 1932 et
2811 1875 3202 1944 tranquillitate
3227 1871 3397 1926 nullis
3413 1871 3530 1941 agi-

1953 1987 2062 2034 tata
2096 1977 2371 2038 ﬂuctibus,
2418 1976 2814 2028 conservarunt
2843 1966 3138 2027 Ecclesium
3173 1963 3324 2019 orbis
3349 1971 3527 2016 terrae.

2019 2071 2108 2125 95.
2163 2069 2225 2124 Et
2275 2068 2329 2122 in
2369 2065 2433 2121 iis
2480 2063 2722 2134 quidem,
2755 2075 2876 2130 qua:
2913 2058 2980 2111 ad
3027 2056 3314 2128 gloriosam
3368 2052 3528 2106 [idem

1952 2164 2250 2235 pertinent,
2305 2159 2386 2214 sic
2435 2137 2664 2226 magnus
2701 2152 2930 2208 affectus
2963 2147 3241 2206 Tarasius.
3287 2145 3355 2199 ad
3409 2159 3530 2198 eam

1954 2264 2098 2310 recte
2122 2262 2178 2308 et
2209 2259 2396 2323 aperte
2429 2246 2826 2318 explicandam,
2861 2251 2916 2296 et
2941 2240 3010 2294 ad
3039 2255 3156 2300 eos,
3189 2237 3280 2306 qui
3309 2233 3530 2290 vacilla—

1953 2349 2086 2402 bant
2109 2355 2165 2401 et
2187 2344 2433 2412 utrisque
2453 2339 2683 2410 pedibus
2713 2333 3111 2396 elaudicabant,
3143 2338 3202 2383 ut
3225 2337 3375 2383 recto
3395 2325 3534 2396 pede

1956 2437 2292 2495 incederent,
2329 2423 2760 2500 persuadendos,
2791 2434 3046 2491 magnum
3080 2413 3321 2483 suscepit
3351 2418 3534 2466 certa-

1956 2544 2080 2583 men
2108 2536 2162 2582 ct
2214 2526 2542 2580 immensum
2577 2517 2816 2571 laborem
2848 2531 2860 2566 :
2887 2508 3130 2580 quotidie
3163 2506 3384 2576 quidem
3415 2515 3531 2566 eos,

1957 2623 2050 2692 qui
2088 2618 2441 2677 accedebant,
2480 2608 2728 2666 honestis
2768 2603 2991 2662 monitis
3038 2601 3302 2656 inducens
3335 2615 3348 2650 :
3385 2601 3439 2650 et
3487 2595 3538 2648 si

1957 2683 2095 2780 quos
2120 2707 2338 2762 videbat
2381 2701 2545 2758 corde
2577 2710 2888 2770 perversos,
2913 2707 3009 2748 eos
3036 2689 3303 2760 dirigebat
3338 2683 3537 2739 verbo-

1961 2819 2080 2858 rum
2109 2795 2610 2870 eongressionibus,
2646 2803 2850 2859 eosque
2880 2786 3090 2857 legibus
3115 2781 3374 2850 eolligans
3395 2775 3538 2831 verio

1965 2896 2108 2962 tatis,
2135 2869 2439 2947 adducebat
2461 2884 2718 2944 Ecclesia:
2737 2891 2922 2937 sacras
2943 2877 3056 2950 (l9)
3087 2875 3314 2932 hostias.
3343 2869 3541 2927 Osten-

1963 2987 2125 3042 debat
2157 2986 2339 3038 autem
2379 2977 2583 3033 nullam
2624 2973 2850 3043 omnino
2880 2970 3081 3024 habere
3125 2963 3541 3022 consensionem

1967 3086 2060 3132 aut
2091 3071 2554 3132 convenientiam,
2595 3074 2758 3136 prout
2791 3061 3072 3118 videbatur
3107 3056 3231 3112 ﬁdei
3261 3061 3544 3108 accusato-

1971 3169 2142 3229 ribus,
2174 3165 2444 3220 idolorum
2478 3155 2915 3214 abominationes
2945 3167 3066 3208 cum
3111 3149 3216 3220 piis
3249 3155 3305 3202 et
3342 3142 3546 3200 divinis

1971 3255 2154 3328 ﬁguris
2191 3249 2626 3308 venerandarum
2657 3243 2978 3311 imaginum.
3018 3237 3150 3294 Nam
3179 3236 3394 3290 illorum
3423 3231 3546 3300 qui-

1970 3323 2116 3404 dem,
2149 3340 2328 3395 aiebat
2378 3337 2490 3404 ille,
2545 3331 2833 3403 productio
2875 3323 3368 3393 simul-inquinata
3422 3334 3548 3374 cum

1973 3433 2164 3505 primis
2196 3427 2616 3498 exemplaribus,
2667 3421 2900 3478 ellicitur
2937 3418 3096 3490 plena
3131 3413 3278 3468 ntuni
3313 3412 3549 3481 turpitu-

1973 3525 2100 3581 dine
2119 3567 2132 3582 .
2160 3524 2352 3578 barum
2379 3533 2510 3573 vero
2533 3531 2658 3571 cum
2688 3515 2799 3569 sint
2828 3509 3135 3566 veneranda
3169 3505 3341 3576 prima
3367 3519 3553 3557 exem-

1976 3617 2168 3688 plaria,
2199 3609 2514 3668 necessario
2543 3609 2707 3662 etiam
2737 3603 2903 3660 simul
2933 3601 3237 3655 veneranda
3265 3602 3550 3664 apparent.

1977 3687 2099 3781 qua!
2132 3724 2200 3764 ex
2231 3707 2336 3761 illis
2387 3704 2785 3776 producuntur.
2819 3699 2886 3752 Et
2914 3703 3043 3750 sunt
3090 3693 3178 3746 illa
3211 3690 3429 3760 quidem
3469 3687 3562 3742 in:

1972 3813 2140 3859 acuta
2181 3799 2402 3874 gentilis
2455 3797 2601 3850 falsa:
2649 3789 2949 3862 religionis,
2980 3786 3152 3842 cllicla
3185 3799 3250 3837 ex
3283 3797 3368 3844 eo,
3410 3779 3554 3849 quod

1980 3909 2248 3964 nusquam
2285 3899 2402 3946 est:
2455 3889 2538 3943 hac
2584 3893 2790 3950 autem,
2817 3898 2938 3952 qua:
2981 3895 3011 3934 a
3054 3876 3361 3933 Christiana
3413 3880 3559 3925 recte

1983 3989 2123 4043 ﬁunt
2154 3983 2461 4043 sanctitate,
2491 3995 2556 4034 ex
2587 3993 2651 4032 co
2695 3974 2841 4044 quod
2893 3981 2996 4036 est,
3036 3969 3102 4024 ad
3149 3968 3202 4022 id
3263 3965 3407 4035 quod
3453 3969 3557 4023 est,

1986 4081 2302 4140 eli'ormaue,
2337 4075 2539 4128 habent
2564 4075 2986 4137 consequentem
3017 4059 3341 4130 exemplaris
3364 4056 3562 4110 archc-

1988 4175 2098 4246 typi
2131 4169 2496 4228 sanctitatem.

1989 4306 2151 4362 modo
2184 4301 2421 4372 suscepti
2449 4297 2724 4372 iuerint...
2749 4294 2830 4347 An
2867 4287 3140 4372 ordinatio
3163 4280 3564 4372 pe'rpieepnias:

2143 4377 2195 4428 in
2235 4350 2634 4442 depositioucm
2671 4364 2986 4448 necessario
3044 4350 3318 4448 inruit-rit?
3355 4350 3566 4448 Nelclid

1995 4423 2467 4518 BFé'rs'it's"§éi'-t_it.i
2502 4446 2603 4494 est.
2637 4455 2654 4487 ι
2692 4423 2936 4496 Interim,
2973 4439 3034 4482 ut
3061 4425 3320 4518 ppst‘alla
3376 4423 3519 4504 addit
3551 4460 3566 4484 ,

2007 4493 2394 4582 i'zelhtmpqui
2443 4519 2556 4563 tum
2613 4515 2795 4568 erant,
2843 4511 2898 4556 tt
2924 4493 3136 4582 exacti,
3167 4504 3221 4549 et
3253 4493 3571 4582 Tarasiphsc

2002 4561 2668 4654 conjunxeriint,ctncum
2721 4561 2792 4630 eo
2825 4570 3264 4654 consentiebant,
3301 4575 3354 4618 et
3389 4561 3572 4618 subito

2002 4637 3106 4725 posisynoduuidiscessionemfecerunt
3135 4637 3208 4725 ob.
3235 4645 3571 4716 susceptam,

2004 4705 2250 4794 iit-ipsis
2279 4722 2458 4794 visum
2515 4729 2620 4782 est,
2661 4712 3033 4794 pecuniariam
3091 4705 3487 4782 ordinationem
3521 4713 3574 4754 et

2001 4775 2428 4862 aliztsviiitasdam
2459 4775 2843 4862 quaestiones.»
2876 4779 3184 4862 Ycrumzuut
3209 4775 3572 4844 praemiserat,

2012 4849 2028 4916 ά
2053 4849 2230 4934 operi]:
2255 4849 2514 4934 duximus
2539 4850 2953 4934 pretittmopacis
2983 4849 3166 4934 studio
3192 4861 3315 4934 cum
3348 4859 3412 4897 co
3439 4857 3574 4923 rou-

2003 4913 2578 4991 eovtidiainretineret.
2618 4927 2679 4980 Et
2705 4913 2818 4978 ubi'
2854 4921 3002 4990 quod
3053 4915 3277 4991 offendit
3337 4913 3577 4983 suspici.»

2005 4987 2118 5070 est,
2142 4987 2337 5058 melius
2369 5007 2452 5055 est
2497 4995 2774 5070 assentiri,
2818 4987 2992 5070 quam
3041 4987 3574 5070 pertinacem‘esse.

2007 5056 2118 5132 Nec
2144 5056 2278 5128 vero
2309 5073 2415 5142 ipsi
2445 5068 2624 5142 vosde
2646 5056 2985 5142 constcientia
3019 5056 3194 5142 vestra
3219 5056 3575 5142 deducimus:

1975 5192 1979 5196 .
2009 5166 2106 5200 nuc.
2130 5161 2222 5198 vos
2252 5124 2471 5195 rutisum
2509 5140 2559 5190 id
2595 5135 2813 5206 exigite,
2851 5142 2910 5206 ut
2934 5131 3124 5206 nosdc
3173 5141 3280 5181 non
3349 5124 3577 5181 manilc.

2009 5199 2148 5270 stata
2177 5214 2334 5268 nolis
2361 5209 2667 5280 cognitione
2686 5199 3168 5280 {quandoquidem
3201 5207 3253 5250 et
3275 5211 3506 5276 persnpa
3530 5205 3577 5280 et

2011 5265 2991 5354 tempuset?exiicricnti:t:rottciliat'e
3027 5271 3165 5324 solet
3202 5284 3333 5354 Icos.
3361 5266 3452 5333 qui
3517 5265 3582 5317 (ιι-

2007 5339 2212 5411 eisdeiu
2263 5339 2424 5407 rebus
2457 5367 2560 5404 non
2599 5350 2788 5402 eadem
2847 5342 3112 5398 sentiunt.
3149 5358 3168 5390 ι
3202 5339 3424 5411 Detuunt
3482 5347 3581 5388 suo

2011 5409 2170 5480 liuent
2209 5434 2440 5477 Iestatur
2497 5411 3114 5488 [lt‘l‘SttVt'l'tlSSQATai‘ElSii
3173 5425 3300 5464 Cum
3337 5409 3581 5488 Romana

2013 5495 2252 5552 Ecclesia
2308 5476 2770 5547 commuttionem.
2805 5504 2822 5535 ι
2856 5481 3204 5552 Manifestum
3244 5476 3580 5552 estginqui',

2010 5549 2133 5621 Eu'm
2185 5564 2557 5617 linmauorum
2597 5559 2851 5610 Antistite
2878 5551 3092 5608 'l‘arasii
3126 5549 3462 5621 temporibus
3482 5561 3582 5621 sa-

2010 5615 2285 5692 crilicassc
2319 5615 2715 5700 dpocrisiarins
2753 5629 2878 5682 hinc
2923 5627 3122 5680 missos
3181 5615 3253 5676 eti
3280 5619 3424 5672 illius
3478 5615 3586 5670 for-

2015 5722 2156 5760 tasse.
2179 5721 2302 5758 eum
2333 5702 2765 5758 Oricum-lidius.)
