4026 6386
215 303 340 368 1105
1727 301 1807 364 Vl

1919 350 1929 363 .
3318 302 3460 372 H05

211 413 474 472 tribunali.
519 411 687 484 idque
733 428 842 470 non
888 413 1058 470 semel
1101 420 1160 469 et
1201 413 1288 470 his
1318 412 1374 468 in
1405 413 1494 469 die
1517 413 1776 477 faciebat,
1807 425 1852 476 Δ
1883 429 2131 485 personae
2175 417 2358 472 divitis
2393 415 2751 488 gratiﬁcans:
2787 417 2882 472 sed
2928 415 2981 471 iu
3027 415 3284 472 omnibus
3324 418 3462 488 juris

211 507 294 562 sed
321 505 532 576 quoties
553 513 814 560 evocatus
832 514 950 559 erat
975 505 1040 560 ad
1072 506 1178 560 hoc
1206 503 1573 560 ministerium
1599 503 1668 558 ab
1688 517 1774 569 eo,
1879 504 2320 560 indeclinabilem
2375 520 2600 561 servans
2643 505 3108 569 distributionem,
3157 521 3269 560 non
3301 507 3463 562 dabat

209 598 290 670 qui
323 596 558 669 graviter
587 596 1020 668 periclitabatur.
1231 596 1236 601 ’
1487 610 1490 613 ·
1879 595 2060 650 locum
2089 596 2178 660 iis,
2215 596 2308 667 qui
2350 598 2607 654 volebant
2651 599 2904 669 proximo
2951 597 3133 653 facere
3183 598 3457 668 injuriam.

227 732 232 740 .
273 689 358 746 27.
395 688 548 743 lianc
601 688 966 742 insatiabilem
1009 686 1180 741 divini
1219 686 1334 741 viri
1389 685 1779 742 demissionetn
1883 685 1994 742 Sed
2042 687 2184 743 forte
2214 688 2394 760 legum
2435 690 2656 760 quidem
2703 699 2906 746 rectam
2937 699 2992 746 et
3017 691 3288 760 nusquam
3333 704 3464 759 pro-

212 779 534 836 admirantes
559 777 784 844 milites,
810 785 864 831 et
891 777 1007 832 fieri
1039 792 1149 831 non
1185 791 1347 846 posse
1375 776 1698 847 cogitantes,
1724 781 1782 830 ut
1881 779 2243 850 pendentem’
2266 781 2612 836 conservavit
2651 783 2938 846 trutinam,
2991 783 3241 852 despexit
3279 762 3463 836 autem

212 873 294 944 qui
320 871 546 942 supplex
575 877 716 935 erat,
771 878 1079 958 caperetur,
1125 868 1368 940 quandiu
1411 867 1544 938 justi
1587 880 1783 922 manus
1881 871 2003 941 jura
2029 912 2044 938 ,
2082 886 2206 941 quae
2252 872 2510 942 praeclare
2558 880 2874 928 statuuntur
2912 890 2944 928 a
2981 871 3325 929 canonihus?
3359 870 3465 926 ldi-

211 979 326 1020 eum
360 971 591 1034 regeret,
633 961 948 1032 improbum
979 960 1033 1014 in
1064 976 1189 1015 eum
1219 968 1439 1015 struunt
1465 958 1780 1025 consilium,
1886 961 2034 1017 nime
2062 979 2076 1016 :
2112 963 2206 1018 sed
2228 977 2352 1018 cum
2389 963 2554 1018 sciret
2589 964 2767 1035 legum
2789 966 3138 1020 severitatem
3191 963 3468 1020 canonica;

213 1053 349 1124 quod
378 1053 672 1123 superabat
703 1066 923 1107 omnem
957 1051 1208 1106 fraudem
1237 1059 1295 1105 et
1317 1050 1598 1106 astutiam.
1631 1049 1784 1102 Clam
1887 1053 2230 1109 auctoritatis
2279 1055 2336 1108 in
2389 1055 2574 1109 multis
2606 1070 2727 1110 esse
2757 1070 3000 1110 sororem
3037 1065 3094 1111 et
3134 1064 3466 1118 consortem,

214 1147 350 1203 enim
401 1161 501 1216 per
547 1145 715 1200 alium
771 1145 994 1216 adytum
1059 1143 1328 1199 collocant
1388 1141 1659 1206 insidias,
1726 1148 1788 1195 ut

214 1235 423 1306 quando
445 1249 514 1291 ex
546 1235 716 1290 sacris
755 1235 936 1306 'adytis
970 1249 1130 1290 ovem
1161 1242 1345 1304 pastor
1394 1231 1638 1288 traheret
1685 1248 1786 1286 na-

216 1338 343 1382 turre
387 1326 742 1393 servientem,
791 1342 911 1382 eam
963 1326 1137 1380 instar
1185 1325 1437 1395 luporum
1491 1335 1785 1396 raperent:

214 1421 350 1492 quod
380 1421 546 1476 etiam
583 1419 788 1475 factum
828 1427 933 1475 est.
965 1418 1106 1472 Nam
1139 1433 1264 1472 cum
1312 1427 1536 1474 sanctus
1576 1417 1702 1484 viri,
1731 1425 1792 1472 ut

217 1513 440 1579 solebat,
468 1527 656 1567 curam
680 1519 918 1583 gereret,
951 1519 1005 1565 et
1029 1510 1096 1565 ad
1132 1509 1394 1580 requisita
1427 1519 1636 1564 naturae
1664 1525 1790 1565 eum

215 1605 454 1668 duceret,
504 1603 565 1669 ii,
616 1603 712 1674 qui
755 1617 951 1658 secure
1003 1603 1248 1657 latebant
1295 1601 1350 1655 in
1401 1601 1637 1668 insidiis,
1693 1617 1793 1672 per

215 1699 370 1754 aliaat
399 1706 617 1768 portam
647 1697 1038 1767 irrumpentes,
1071 1711 1199 1750 eum
1228 1693 1468 1764 rapiunt,
1504 1702 1562 1748 et
1595 1689 1664 1748 ad
1703 1687 1792 1748 re'-

211 1791 346 1860 giam
379 1804 478 1860 per
506 1789 616 1843 vim
645 1788 892 1843 trahunt.
923 1786 1220 1858 Postquam
1249 1795 1432 1842 autem
1467 1786 1792 1842 sceleratam

218 1884 506 1940 infelicium
529 1881 994 1939 machinationem
1019 1883 1076 1936 in
1097 1895 1222 1936 eum
1247 1881 1569 1935 adornatam
1595 1893 1796 1949 cogno-

218 1977 292 2031 vit
338 1984 528 2047 pastor
565 1973 988 2038 sanctissimus,
1037 1971 1117 2027 ira
1163 1978 1220 2027 et
1267 1971 1457 2027 dolore
1501 1977 1794 2040 arreptus,

219 2069 357 2124 nulla
390 2076 552 2122 utens
588 2067 874 2132 dilatione,
904 2065 974 2120 ad
1006 2063 1118 2136 (5‘2)
1149 2063 1452 2119 Eleutherii
1489 2063 1672 2116 aulam
1702 2075 1796 2116 re-

209 2155 350 2227 giam
380 2154 537 2226 (illic
563 2155 714 2209 enim
755 2162 887 2209 tunc
939 2154 1080 2209 forte
1119 2153 1345 2223 contigit
1381 2153 1581 2224 degere
1622 2152 1798 2220 impe-

209 2247 499 2316 ratricem)
548 2246 780 2302 accedit.
832 2247 968 2302 Cum
1016 2246 1053 2300 ii
1103 2260 1234 2301 vero
1275 2245 1453 2300 Patris
1496 2244 1795 2299 adventum

221 2339 532 2404 sensissent,
583 2346 640 2394 et
677 2338 799 2408 ejus
858 2337 1205 2408 prasentiam
1255 2337 1309 2390 in
1354 2336 1504 2407 ipsos
1543 2335 1798 2390 futuram

221 2431 331 2486 zelo
373 2431 594 2502 plenam
631 2439 688 2486 et
736 2431 912 2484 instar
959 2429 1102 2486 acuti
1150 2427 1314 2500 gladii
1365 2428 1798 2498 suspicarentur,

219 2538 337 2578 eum
369 2523 626 2578 siverunt
673 2532 831 2578 extra
882 2521 1108 2592 regiam,
1162 2535 1234 2575 ne
1277 2534 1530 2576 sermone
1577 2519 1801 2588 quidem

223 2614 442 2684 dignati.
494 2613 591 2667 Ille
629 2621 813 2668 autent
858 2612 1051 2666 videns
1098 2626 1258 2666 suum
1313 2610 1613 2665 adventum
1662 2609 1799 2664 nihil

223 2703 320 2758 sibi
359 2704 664 2774 profuisse,
707 2705 1099 2760 ecclesiasticae
1134 2719 1312 2774 poenae
1343 2702 1803 2758 vinculisomnes

1879 1154 1945 1200 'ut
1999 1146 2242 1216 prudens
2287 1146 2456 1216 judex
2497 1147 2636 1203 hanc
2664 1162 2788 1202 cum
2827 1147 2916 1202 illa
2955 1156 3363 1216 contemperat,
3414 1157 3470 1201 et

1891 1237 2138 1292 ostendit
2184 1253 2310 1293 esse
2352 1238 2648 1310 legitimam
2679 1254 2949 1294 canonum
2977 1239 3382 1294 accurationcm
3415 1239 3468 1290 in

1890 1327 1978 1393 iis,
2015 1344 2138 1398 quas
2167 1329 2432 1384 canonice
2458 1319 2839 1401 corriguntur;
2881 1331 3058 1402 legum
3085 1345 3214 1384 vero
3245 1330 3473 1384 rectitu~

1891 1419 2075 1474 dinem
2105 1419 2159 1473 in
2191 1420 2279 1486 iis,
2313 1435 2434 1490 quae
2461 1421 2704 1491 legitime
2737 1430 2994 1492 aguntur,
3027 1411 3343 1476 canonicam
3371 1420 3474 1474 ob-

1893 1511 2280 1582 signationem.
2326 1511 2490 1578 Quod
2525 1521 2709 1567 autem
2751 1529 2861 1568 non
2896 1513 3196 1583 prodiderit
3238 1513 3340 1568 hoc
3377 1509 3471 1569 Dei

1893 1612 1949 1657 et
1977 1604 2225 1658 divinum
2254 1613 2612 1674 praeceptum,
2649 1604 2743 1660 sed
2780 1621 2847 1659 ex
2879 1621 3036 1675 aaquo
3065 1619 3329 1660 canonem
3358 1620 3476 1659 ser-

1893 1696 2106 1752 vaverit
2135 1705 2190 1750 et
2215 1695 2407 1767 legem,
2445 1712 2556 1751 non
2581 1705 2666 1751 est
2695 1697 2966 1752 obscurus
2999 1698 3175 1762 testis,
3208 1713 3370 1768 quem
3395 1707 3479 1753 est

1895 1795 2299 1868 consequenter
2327 1789 2632 1844 adductura
2662 1789 2858 1844 oratio.

1965 1879 2058 1935 29.
2090 1878 2280 1935 Dictus
2313 1879 2417 1934 fuit
2449 1880 2561 1952 (55)
2612 1879 2912 1950 imperator
2949 1879 3348 1935 Constantinus
3387 1878 3480 1947 ju-

1897 1969 2076 2036 venis,
2109 1969 2411 2025 desistente
2441 1979 2618 2026 matre
2649 1969 2804 2026 lrene
2838 1985 2868 2024 a
2897 1971 3188 2042 conjuncta
3221 1985 3345 2025 cum
3387 1968 3480 2025 illo

1896 2063 2141 2118 rectione
2175 2062 2414 2132 imperii,
2463 2071 2518 2117 et
2563 2063 2713 2119 solus
2741 2063 2967 2118 tenebat
3000 2062 3212 2117 clavum
3246 2060 3480 2117 admini-

1899 2155 2198 2211 strationis.
2220 2155 2322 2222 Qui
2345 2171 2470 2212 cum
2493 2163 2643 2210 esset
2667 2154 2870 2225 alioqui
2892 2155 3089 2220 bonus,
3121 2169 3234 2208 non
3254 2152 3482 2207 omnino

1899 2254 2080 2301 autem
2113 2245 2342 2302 ﬁrmiter
2375 2247 2610 2309 tenebat,
2647 2262 2768 2317 quae
2801 2247 2869 2300 ad
2904 2262 3094 2316 puram
3119 2255 3176 2300 ct
3211 2249 3484 2300 sinceram

1900 2339 2062 2394 fidem
2095 2339 2396 2410 pertinent,
2439 2347 2494 2394 et
2531 2339 2677 2408 quod
2707 2339 2986 2408 juniorum
3018 2337 3294 2392 mentibus
3341 2350 3485 2405 srrpe

1895 2430 2040 2485 solet
2071 2429 2389 2493 usuvcnire,
2420 2430 2598 2484 elatus
2631 2445 2768 2484 vana
2804 2429 3178 2500 persuasione,
3207 2427 3351 2498 quod
3381 2426 3483 2482 sibi

1897 2519 2208 2584 videbatur,
2247 2519 2596 2574 existimabat
2645 2519 2848 2590 justius
2891 2518 3106 2588 scriptis
3153 2518 3382 2589 legibus.
3438 2516 3488 2570 Is

1901 2608 2210 2682 aggreditur
2255 2608 2531 2662 inﬁrmare
2578 2608 2744 2680 leges,
2775 2616 2849 2662 ~ct
2897 2607 3040 2677 quod
3070 2621 3101 2661 a
3143 2605 3373 2660 Domino
3401 2603 3487 2660 di-

1903 2708 2050 2754 ctum
2081 2708 2164 2756 est
2193 2697 2605 2770 inEvangcliis,
2639 2700 2944 2771 patrocinio
2975 2708 3133 2755 utens
3159 2713 3270 2754 sua:
3300 2707 3494 2767 pelea--

217 2797 586 2852 communiter
611 2797 829 2869 alligat,
865 2799 1229 2869 pronuntians
1272 2790 1530 2865 indignos
1557 2812 1806 2852 commuo
1901 2791 1993 2844 tiae
2024 2807 2037 2844 :
2063 2799 2119 2844 et
2140 2805 2262 2844 cum
2295 2789 2576 2844 statuisset
2605 2804 2636 2842 a
2669 2804 2767 2842 sua
2796 2788 2910 2858 (51)
2941 2789 3170 2858 conjuge
3199 2787 3377 2841 facere
3406 2785 3491 2840 di-

225 2889 384 2944 nione
413 2889 624 2945 Christi
659 2899 1154 2954 sacramentorum,
1185 2889 1231 2944 si
1273 2889 1382 2944 ullo
1416 2889 1564 2961 gravi
1605 2889 1806 2944 damno
1903 2883 2162 2945 vortium.
2196 2891 2252 2937 et
2292 2882 2403 2952 (55)
2443 2875 2605 2936 aliam
2653 2880 2709 2936 in
2748 2881 2932 2936 animo
2964 2879 3194 2935 haberet
3230 2879 3494 2935 extollere

225 2981 500 3038 adicerent
550 2997 698 3047 eum,
733 2982 828 3052 qui
860 2981 1180 3054 confugerat
1227 2981 1457 3053 supplex
1501 2981 1570 3036 ad
1617 2980 1806 3036 Eccle-
1905 2975 1973 3030 ad
2010 2974 2222 3046 imperii
2247 2973 2616 3038 altitudinem,
2645 2973 2865 3044 juvenis
2893 2971 3122 3026 adornat
3159 2969 3368 3025 facinus
3407 2969 3496 3024 in-

222 3075 378 3130 siam.
419 3075 564 3132 Cum
597 3075 714 3130 haec
737 3090 870 3146 ergo
899 3083 1157 3145 tanquam
1182 3087 1250 3128 ex
1290 3073 1587 3144 apostolica
1616 3081 1806 3128 aucto—
1832 3092 1875 3151 ο
1905 3067 2133 3140 dignum
2155 3081 2255 3122 sua
2279 3074 2570 3137 potestate.
2606 3064 2668 3121 id
2695 3072 2876 3120 autem
2907 3062 3011 3118 fuit
3040 3061 3333 3118 mortiferae
3363 3061 3496 3116 insi-

181 3155 192 3164 ’
229 3166 380 3222 ritate
413 3168 592 3224 libere
624 3167 875 3231 dixisset,
917 3175 1004 3224 est
1045 3181 1323 3222 reversus.
1359 3166 1440 3220 illi
1476 3175 1658 3220 autem
1691 3180 1808 3219 ma-
1908 3159 2033 3224 dite,
2075 3174 2104 3213 a
2148 3157 2384 3228 conjuge
2429 3155 2773 3228 imperatrice
2815 3155 2864 3210 ei
2913 3161 3140 3226 paratae.
3183 3151 3498 3207 Atilrmabat

219 3259 375 3330 gistri
402 3259 540 3316 linis
569 3260 802 3326 astricti,
833 3275 958 3316 cum
989 3275 1101 3315 non
1133 3268 1363 3330 possent
1385 3257 1632 3330 eil'ugere
1655 3273 1809 3312 sacra
1907 3260 2096 3307 autem
2132 3250 2187 3306 id
2229 3265 2352 3306 esse
2378 3265 2674 3314 venenum,
2703 3247 2852 3320 quod
2883 3263 3008 3304 cum
3041 3254 3174 3317 potu
3219 3247 3495 3308 haustum,

224 3350 352 3404 retia
393 3365 576 3420 preme
621 3350 1032 3415 ecclesiasticae,
1055 3346 1134 3406 'de
1173 3364 1269 3404 reo
1299 3349 1522 3419 quidem
1552 3364 1665 3404 non
1695 3365 1812 3404 am-

225 3441 366 3510 plius
395 3442 646 3498 habuere
673 3441 1034 3512 quaestionem
1056 3441 1366 3507 tormentis,
1393 3441 1500 3496 sed
1519 3441 1812 3497 verborum

230 3534 353 3590 solis
391 3535 919 3597 examinationibus.
941 3533 1011 3590 de
1027 3523 1230 3606 quibus
1255 3534 1517 3606 agebatur
1533 3532 1812 3604 pecuniis,

231 3624 486 3681 trutinam
537 3625 942 3691 exinanientes,
997 3635 1255 3696 tanquam
1295 3625 1652 3682 innocentem
1687 3641 1813 3680 eum

229 3717 537 3774 absolvunt.
575 3717 724 3773 Talis
751 3727 872 3772 erat
915 3718 972 3772 in
1007 3733 1200 3774 omnes
1236 3717 1322 3772 vir
1357 3716 1598 3782 divinus,
1631 3717 1816 3772 divina

231 3807 516 3864 vindicans
544 3822 610 3862 ac
640 3807 968 3878 defendens,
1002 3819 1059 3865 et
1095 3824 1196 3880 pro
1225 3809 1403 3881 gregis
1448 3808 1646 3866 ovibus
1675 3808 1819 3881 peri-

233 3900 408 3956 culum
442 3899 664 3956 adiens.

835 4072 1067 4132 CAPUT
1110 4073 1222 4130 VII.
1313 4086 1322 4094 '

237 4203 458 4262 Sanctus
493 4206 750 4280 Tarusius
792 4208 1003 4280 fortiter
1031 4207 1352 4280 Imperatori
1397 4208 1614 4280 resistit,
1647 4207 1827 4280 legiti-

305 4295 449 4402 mrzm
485 4277 763 4361 coniugem
792 4265 1077 4348 repudiare
1091 4265 1128 4346 ,’
1143 4288 1192 4332 et
1215 4265 1612 4333 cubiculariam’
1633 4265 1826 4332 dueere

306 4364 366 4402 vo
389 4359 524 4402 entt.

306 4359 524 4404 υοιεηη.

1913 3352 2144 3402 mortem
2175 3343 2338 3399 simul
2374 3341 2703 3398 attrabebat.
2743 3339 2902 3407 Quod
2941 3338 3162 3407 quidem
3198 3336 3501 3390 conabatur

1910 3439 2142 3508 probare
2177 3445 2232 3492 et
2261 3435 2486 3492 cuilibet
2521 3433 2872 3504 persuadere,
2903 3439 2960 3487 ut
2991 3430 3239 3502 putabat.
3275 3428 3504 3483 Putabat

1915 3527 2062 3586 enim
2099 3526 2216 3581 ﬁeri
2265 3540 2377 3581 non
2421 3539 2605 3594 posse,
2639 3532 2700 3577 ut
2731 3521 2866 3578 fides
2893 3521 2994 3576 sibi
3043 3535 3152 3575 non
3187 3518 3500 3580 haberetur,

1896 3635 2042 3677 -eum
2073 3629 2220 3674 esset
2247 3619 2565 3689 imperator,
2595 3623 2648 3670 et
2673 3615 2838 3670 verba
2864 3613 3070 3667 faceret
3098 3610 3241 3681 apud
3265 3624 3380 3672 eos,
3408 3608 3502 3676 qui

1919 3713 2147 3785 subjecti
2177 3721 2336 3767 erant
2359 3711 2482 3780 ejus
2527 3707 2775 3778 imperio.
2810 3703 3004 3759 Nullus
3037 3719 3166 3758 vero
3212 3707 3506 3772 persuade-

1920 3807 2102 3869 batur,
2139 3804 2244 3859 nisi
2277 3803 2368 3873 qui
2416 3791 2732 3873 gratiﬁcans
2767 3795 3102 3868 imperatori,
3143 3802 3366 3866 propter
3389 3792 3505 3864 glo-

1921 3901 2056 3954 riam
2088 3897 2143 3952 in
2163 3896 2410 3950 animum
2442 3893 2733 3949 inducebat
2757 3891 2908 3962 justo
2935 3889 3022 3959 jus
3045 3887 3306 3942 adimere.

1995 3993 2086 4047 50.
2115 3990 2410 4060 Postquam
2442 3994 2626 4042 autem
2654 3983 2890 4040 excitata
2917 3981 3058 4036 fama
3085 3981 3188 4035 hoc
3209 3976 3511 4033 transmisit

1926 4097 2101 4154 usque
2131 4081 2198 4137 ad
2245 4081 2380 4136 atria
2423 4077 2704 4143 Ecclesiae,
2742 4084 2799 4130 et
2846 4073 3057 4129 nefaria
3091 4071 3232 4126 actio
3262 4069 3512 4141 pervenit

1929 4189 2104 4246 usque
2130 4173 2200 4229 ad
2217 4187 2390 4247 aures
2415 4169 2709 4242 pontificis,
2740 4167 2795 4223 id
2823 4181 2950 4222 cum
2979 4163 3216 4220 reddidit
3236 4161 3388 4217 valde
3413 4162 3514 4216 du-

1929 4266 2078 4322 bium
2112 4274 2167 4320 et
2198 4264 2552 4334 perplexum;
2578 4261 2707 4315 dum
2731 4257 2875 4328 apud
2911 4272 2970 4312 se
2995 4257 3216 4326 cogitat,
3242 4251 3514 4324 quomodo

1931 4373 1990 4414 se
2052 4363 2290 4411 armaret
2337 4353 2602 4408 adversus
2657 4350 2803 4404 hanc
2855 4346 3305 4409 decertationem,
3356 4350 3412 4396 et
3461 4341 3516 4394 in

307 4459 398 4515 28.
441 4458 582 4515 Cum
614 4467 798 4514 autem
831 4467 886 4513 et
914 4459 1062 4532 leges
1092 4469 1350 4516 accurate
1390 4469 1635 4527 teneret,
1667 4469 1723 4516 et
1759 4460 1814 4515 in
1849 4443 1892 4500 υ
1921 4450 2102 4520 ipsum
2124 4447 2534 4518 imperatorem,
2566 4443 2646 4498 rei
2671 4441 2880 4497 bellicae
2903 4437 3296 4511 peritissimum
3323 4443 3376 4490 ct
3404 4435 3519 4488 for-

245 4548 395 4606 omni
448 4563 655 4621 genere
704 4548 985 4604 canonica:
1029 4549 1376 4606 rectitudinis
1421 4560 1572 4606 esset
1612 4551 1828 4606 exerci-

239 4649 409 4708 tatus,
447 4657 575 4712 qua:
602 4641 866 4696 universo
894 4641 1177 4696 communi
1221 4641 1537 4698 incidebant
1571 4643 1711 4707 lites,
1736 4643 1831 4714 ju-

243 4733 498 4800 dicabat,
535 4741 590 4788 et
644 4734 964 4789 acutissima
1013 4735 1246 4805 cogebat
1293 4735 1506 4806 prolata
1557 4735 1831 4791 sententia

235 4839 340 4882 eos
363 4827 516 4882 inter
548 4842 610 4884 se
641 4828 937 4883 convenire
967 4845 980 4882 :
1017 4842 1129 4882 non
1171 4827 1586 4898 pauperis,-qui
1636 4828 1693 4883 in
1743 4829 1834 4898 jus

246 4920 548 4976 vocabatur
572 4959 588 4986 ,
631 4919 808 4974 ﬂexus
843 4919 1220 4975 misericordia
1253 4937 1266 4974 :
1307 4934 1486 4989 neque
1531 4919 1830 4990 quidquam

315 5104 436 5176 (52)
469 5104 762 5160 Palatium.
782 5102 1082 5176 Eleutherii
1127 5101 1338 5176 lrenem
1369 5101 1838 5176 Augustam‘mdi-

251 5171 470 5235 ili-aspir,
507 5175 563 5230 in
597 5191 772 5245 eaque
821 5185 878 5230 et
903 5175 1108 5231 multas
1143 5174 1408 5245 pecunias
1455 5171 1834 5238 abscondisse,

251 5256 360 5301 eta
422 5245 539 5300 tilio
592 5242 961 5301 Constantino
1024 5242 1160 5302 solo'
1198 5252 1460 5302 regnante
1505 5245 1836 5299 collocatam

252 5329 374 5372 esse
397 5330 592 5372 mense
634 5315 945 5380 Decembri,
970 5317 1171 5372 lndict.
1217 5311 1305 5378 ιι,
1331 5329 1480 5368 anno
1498 5313 1700 5370 Christi
1732 5311 1840 5368 790

253 5386 422 5442 tradit
447 5387 832 5456 ‘l'beophanes.
865 5384 1127 5442 Eamdem
1143 5454 1157 5456 ῃ
1185 5385 1257 5442 im
1267 5385 1603 5456 peratricern
1615 5455 1621 5456 ί
1634 5385 1838 5456 iterum

253 5456 590 5513 declaratam
603 5453 814 5513 'lndict.
833 5457 918 5523 15,
935 5457 1024 5512 die
1046 5453 1400 5522 l5Januarii,
1419 5456 1550 5510 anui
1563 5453 1695 5510 Chr.
1711 5453 1838 5520 795,

256 5525 398 5582 idem
429 5529 632 5597 asserit
657 5527 1043 5597 Theophanes.

328 5597 441 5663 (55)
467 5596 766 5668 indictione
789 5592 880 5660 f4,
907 5613 1097 5668 mense
1124 5595 1433 5668 Septembri
1476 5609 1664 5668 annus
1689 5592 1840 5648 Con-

257 5667 492 5740 stantini
508 5667 696 5740 solius
718 5667 992 5740 regnantis
1015 5668 1180 5739 erepit
1202 5666 1512 5740 numerari,
1529 5681 1662 5737 ergo
1691 5679 1839 5740 anno

261 5738 390 5793 Chr.
427 5738 551 5794 790.
585 5735 870 5810 Legendus
893 5738 958 5796 de
986 5755 1050 5796 ea
1079 5735 1263 5796 rerum
1286 5737 1430 5808 apud
1449 5735 1839 5794 Constantium

1933 4543 2202 4598 tissimum
2256 4548 2640 4611 pugnatorem,
2683 4552 2752 4592 ex
2787 4535 3045 4606 pharetra
3081 4540 3135 4587 et
3183 4545 3315 4586 arcu
3352 4529 3522 4583 telum

1926 4634 2280 4706 jacularetur,
2311 4633 2423 4702 jam
2456 4631 2586 4686 olim
2637 4631 2942 4684 honoratus
2974 4623 3296 4680 sacerdotali
3323 4623 3523 4676 borum

1931 4728 2179 4783 omnium
2211 4725 2480 4781 nuditate.
2511 4722 2649 4778 Cum
2679 4723 2797 4777 base
2820 4719 2970 4788 apud
2993 4733 3051 4774 se
3079 4729 3308 4788 magnus
3339 4722 3528 4769 mente

1931 4827 2178 4876 versaret
2215 4816 2493 4880 Tarasius,
2531 4823 2587 4868 et
2621 4820 2838 4884 pararet
2864 4825 2924 4866 se
2955 4809 3026 4864 ad
3057 4803 3526 4876 congrediendum

1933 4929 2059 4970 cum
2083 4913 2431 4982 imperatore,
2473 4916 2528 4963 ct
2551 4904 2952 4962 decertandum
2987 4899 3156 4956 armis
3177 4894 3526 4953 sacerdotalis

1936 5095 2211 5166 politanqs
2236 5087 2659 5166 perturbatione
2686 5081 3075 5166 Thegpbanes-
3341 5142 3522 5166 nn-..

2155 5143 2747 5237 Fi'ipioldesiionuerat
2804 5143 3093 5237 ltotrudim
3111 5235 3131 5237 ᾖ
3147 5143 3524 5237 tiliainJCaroli

1939 5217 2121 5306 Μδᾷιῆ
2154 5217 2579 5306 cx_ﬂildegar_de
2607 5229 2786 5299 prima
2839 5225 2964 5306 ejus
2987 5235 3191 5306 uxore,
3222 5227 3284 5306 ut

1947 5310 2002 5363 in
2031 5293 2197 5375 hujus
2227 5301 2351 5375 Vita
2389 5293 2460 5354 2'8
2492 5293 2882 5375 Jandar._cap.
2906 5293 2960 5349 ϐ.
2985 5293 3059 5375 Ea
3097 5299 3278 5375 tamen
3304 5293 3530 5375 minime

1939 5363 2124 5441 ducta:
2155 5376 2264 5430 sibi
2310 5373 2572 5443 jungerat
2619 5363 2867 5443 puellam
2921 5380 2988 5419 ex
3027 5363 3393 5443 Armeniacis,
3424 5369 3516 5443 no-

1941 5451 2092 5504 mine
2112 5436 2353 5500 Mariam
2379 5441 2450 5496 ab
2471 5436 2692 5504 Amni'a,
2722 5447 2778 5494 et
2830 5436 3362 5504 consummaverunt
3395 5441 3530 5504 [λῃ.

1944 5496 2923 5582 ti-a’s'ruc—nse—Noveinbri,indictione
2953 5508 3036 5566 ιε,
3060 5502 3112 5582 id
3135 5510 3220 5582 est
3241 5496 3522 5582 ³11110⁵188.

1942 5567 2566 5655 liavfc'reiilzbeopbancs.
2589 5567 2742 5635 lianc
2777 5577 2941 5647 coepit
2973 5573 3234 5648 paulatim
3269 5568 3396 5626 odio
3429 5567 3532 5626 ita.

1943 5661 2072 5716 bere
2102 5673 2165 5712 ac
2198 5652 2674 5725 velle—repudiare.

2015 5729 2128 5800 (55)
2155 5721 2471 5783 Τιιεοαοιέη
2507 5721 2925 5779 cubiculmiam.
