4026 6400
552 282 686 349 1407

1644 287 1710 348 S.
1745 283 2057 346 TARASlI
2104 280 2616 344 PATRIARCHIE
2672 280 2783 342 (ΞΡ.

3687 262 3810 346 ius

550 404 674 470 bus,
711 415 840 458 ecce
876 399 1098 470 quidam
1128 413 1196 456 ex
1228 399 1319 466 iis,
1349 398 1443 470 qui
1467 398 1735 470 gerebant
1762 397 2136 469 magistratus,
2166 400 2210 456 Α
2241 395 2522 451 lutabatur
2548 395 2610 449 in
2637 392 3021 450 fornicatione.
3073 391 3346 465 impulsus
3369 393 3516 449 enim
3549 393 3618 451 ab
3644 397 3812 469 impu.

551 489 972 561 ahimperatore
1010 489 1335 554 instructus,
1379 487 1709 543 renuntians
1745 486 1891 558 quod
1933 485 2139 541 factum

551 597 620 641 ac
653 590 1026 653 comparatum
1067 579 1306 636 inaniter
1339 579 1626 637 dicebatur
1659 578 2012 639 veneﬁcium,
2050 592 2142 632 ac.

552 673 722 731 cessit
765 672 832 727 ad
864 685 1194 743 gnomonem
1245 669 1557 726 castitatis:
1617 684 1854 739 cumque
1896 668 1950 725 id
1977 683 2141 738 quam

552 762 824 837 potuisset
852 762 1264 819 accuratissime
1289 771 1347 817 et
1370 761 1729 817 subtilissime
1747 759 2140 824 contexuisset.

555 855 739 912 omnia
764 868 888 911 esse
915 854 1225 922 verissima,
1257 862 1314 910 et
1341 869 1464 924 qua:
1491 853 1698 909 nullam
1728 852 2022 908 admittant
2049 865 2145 906 ea-

554 945 844 1012 lumniam,
875 944 1179 1001 aﬂirmabat
1213 962 1228 1000 :
1256 951 1314 1002 et
1344 953 1408 1000 ut
1435 944 1794 1009 consentiret,
1821 951 1883 999 ut
1907 943 2143 1012 impera-

558 1048 642 1091 tor
681 1044 869 1107 posset
897 1037 1090 1092 venire
1123 1036 1194 1092 ad
1240 1033 1541 1093 secundum
1571 1043 1915 1092 contractum
1954 1032 2147 1088 matri-

552 1128 750 1191 monii,
792 1127 1049 1183 instabat.
1087 1128 1212 1183 llaec
1248 1143 1372 1184 cum
1408 1127 1655 1192 dixisset,
1691 1126 2042 1198 exspectabat
2084 1135 2147 1182 ut

557 1219 624 1274 de
651 1219 719 1274 iis
745 1233 1071 1290 responsum
1100 1219 1394 1290 acciperet.
1424 1218 1550 1286 Cui,
1584 1233 1708 1274 cum
1737 1233 1802 1274 ex
1826 1218 1937 1273 imo
1961 1217 2146 1286 suspi-

559 1316 735 1365 rasset
763 1317 821 1364 et
843 1307 1267 1381 lacrymabiliter
1290 1307 1633 1374 subrisisset,
1671 1316 1895 1364 sanctus
1916 1322 2147 1378 respon-

556 1399 637 1455 dit
673 1416 688 1454 :
721 1397 781 1455 Si
825 1400 966 1464 haec,
1000 1406 1064 1452 ut
1094 1409 1150 1454 tu
1197 1399 1406 1467 dixisti,
1448 1400 1708 1469 cogitavit
1741 1399 2057 1469 imperator,
2094 1407 2148 1454 et

554 1503 782 1544 carnem
809 1487 997 1543 divina
1027 1487 1145 1559 lege
1173 1487 1622 1559 conglutinatam,
1649 1496 1703 1543 et
1733 1503 1856 1558 qua:
1886 1502 1993 1542 una
2020 1501 2146 1543 eum

558 1577 682 1648 ipso
714 1576 852 1633 facta
893 1590 998 1642 est,
1034 1578 1224 1633 statuit
1252 1577 1594 1643 exscindere,
1626 1578 1832 1644 nescio,
1880 1578 2146 1649 quemad-

560 1669 786 1725 modum
809 1669 950 1725 feret
975 1668 1380 1740 gravissimum,
1411 1669 1559 1739 quod
1587 1671 1641 1724 in
1672 1683 1800 1725 eum
1832 1685 1864 1725 a
1889 1668 2146 1741 gentibus

560 1757 906 1815 inferendum
936 1730 1047 1825 est,
1075 1730 1375 1829 probrum,
1399 1730 1496 1814 aut
1521 1730 1984 1830 quemadmodum
2023 1759 2146 1831 eius
2181 1730 2223 1790 Β

559 1856 804 1920 potestas
833 1864 1051 1921 gregem
1083 1859 1239 1920 coget
1265 1849 1334 1906 ad
1365 1843 1817 1920 temperantiam;
1831 1859 1885 1906 et
1915 1849 2149 1906 fornica-

559 1920 770 1998 tionem
794 1920 987 2012 puniet
1023 1949 1080 1997 et
1097 1940 1448 2008 adulterium,
1484 1957 1610 1997 cum
1645 1941 1762 2012 ipse
1786 1942 1859 1997 sit
1883 1950 1992 1999 tam
2029 1950 2146 1997 tur-

560 2032 712 2104 pium
764 2031 1049 2088 convictus
1095 2031 1448 2104 ﬂagitiorum.
1502 2031 1636 2088 Nam
1681 2031 1894 2088 etiamsi
1928 2031 2148 2089 dederi-

561 2137 685 2179 mus
717 2121 822 2178 ﬂde
851 2122 1014 2194 digna
1042 2137 1184 2186 esse,
1211 2138 1334 2193 quae
1366 2138 1397 2178 a
1432 2131 1484 2178 te
1512 2123 1883 2191 adducuntur,
1919 2131 1976 2179 et
1999 2132 2150 2180 esset

561 2211 810 2268 mulieris
834 2212 1062 2268 evidens
1088 2211 1436 2280 maleﬁcium,
1485 2212 1564 2271 sic
1595 2214 1758 2269 etiam
1789 2223 2071 2285 oporteret
2096 2216 2148 2271 id

561 2318 758 2359 cavere
794 2313 1016 2373 propter
1065 2303 1429 2365 reverentiam
1456 2303 1607 2359 vocis
1648 2302 1888 2370 Domini,
1915 2320 2038 2376 quae
2062 2305 2148 2361 di-

560 2392 636 2447 cit
667 2410 682 2447 :
715 2391 816 2458 Qui
855 2391 1080 2447 dimittit
1109 2408 1335 2448 uxorem
1375 2408 1558 2459 suam,
1609 2404 1970 2466 praeterquam
2015 2411 2148 2466 pro-

563 2492 687 2553 pter
699 2481 1134 2550 fornicationem,
1161 2485 1464 2540 mcechatur
1487 2484 1707 2554 (Matth.
1728 2504 1782 2552 ν,
1806 2487 1919 2559 52).
1942 2486 2148 2555 Quem-

563 2590 690 2630 nam
725 2586 910 2631 autem
953 2575 1183 2646 imperio
1233 2576 1674 2646 excellentiorem
1725 2578 1828 2634 sibi
1885 2579 2149 2639 societate

562 2665 892 2721 matrimonii
935 2667 1105 2722 voluit
1129 2668 1485 2739 conjungere,
1514 2683 1637 2738 qua:
1676 2669 1746 2725 ad
1772 2677 1982 2725 tantum
2016 2685 2148 2741 pro-

561 2758 733 2814 cessit
766 2755 1070 2829 ﬂagitium‘l
1101 2758 1210 2815 Sed
1251 2761 1354 2814 hoc
1386 2758 1510 2816 ideo
1546 2760 1884 2831 praetexitur,
1939 2769 2001 2816 ut
2044 2762 2147 2817 ho-

563 2846 839 2902 norabiles
872 2848 1080 2918 nuptiae
1137 2857 1194 2904 et
1243 2855 1394 2904 torus
1431 2847 1816 2907 immaculatus
1868 2850 2144 2907 violetur:

563 2938 947 2995 introducatur
976 2955 1107 2995 vero
1132 2940 1374 2996 dedecus
1409 2940 1807 3010 fornicationis,
1841 2951 1897 2998 et
1928 2959 2146 3015 germa-

2243 486 2449 550 dentia,
2482 485 2570 543 bis
2599 485 2782 541 verbis
2812 498 2943 541 usus
2962 492 3047 540 est
3066 484 3132 539 ad
3162 483 3478 555 pontiﬁcem
3505 500 3520 540 :

2314 578 2404 634 52.
2432 577 2544 649 Ego
2568 577 2790 648 quidem
2840 576 2918 637 id,
2951 575 3096 646 quod
3121 575 3236 644 iam
3267 573 3479 644 pridem
3524 575 3653 631 mihi
3681 579 3816 635 acci-

2248 670 2349 734 dit,
2390 669 2458 724 ad
2480 679 2721 725 vestram
2775 667 2938 724 retuli
2990 667 3362 723 sanctitatem.
3395 665 3540 722 Nihil
3578 669 3719 724 enim
3768 677 3819 726 te

2244 764 2394 821 volui
2423 763 2624 829 celare,
2657 762 3006 820 affectionem
3046 776 3110 817 ac
3165 759 3602 817 benevolentiam
3661 762 3820 833 patris

2247 857 2304 911 in
2353 865 2410 910 te
2443 852 2713 911 indicans.
2743 854 2916 910 Porro
2949 861 3131 921 autem
3168 866 3317 906 nunc
3346 866 3563 923 quoque
3589 866 3688 920 per
3705 867 3818 908 eam

2252 947 2498 1016 linguam
2536 944 2973 1017 imperatoriam,
3018 943 3184 999 statui
3210 942 3414 999 clarius
3457 957 3617 1015 agere
3659 959 3819 1000 meam

2247 1052 2493 1095 causam.
2528 1035 2648 1090 Meo
2683 1035 2832 1090 enim
2885 1033 3118 1104 imperio
3161 1031 3533 1097 insidiantem,
3573 1047 3692 1100 qua:
3724 1047 3819 1098 non

2246 1142 2317 1184 ex
2377 1127 2490 1182 Deo
2535 1126 2668 1182 mibi
2717 1126 2876 1181 unita
2935 1124 3134 1189 fuerat,
3186 1122 3536 1194 adiutricem.
3578 1139 3699 1179 cum
3745 1125 3818 1181 lex

2247 1226 2437 1288 aperte
2480 1217 2692 1288 iubeat,
2726 1217 2861 1286 quin
2904 1216 2974 1272 ab
3001 1230 3065 1271 ea
3108 1215 3313 1286 possim
3341 1215 3637 1282 divertere,
3674 1229 3819 1272 nemo

2247 1308 2608 1365 contradicet.
2664 1305 2800 1361 Nam
2841 1321 2965 1362 cum
2991 1306 3104 1361 sint
3127 1303 3415 1361 manifesta
3459 1303 3704 1373 crimina,
3738 1316 3822 1362 aut

2248 1415 2398 1457 mors
2449 1415 2571 1457 eam
2625 1398 2882 1470 excipiet,
2923 1407 3038 1464 aut,
3084 1397 3230 1469 quod
3259 1405 3346 1452 est
3391 1395 3696 1468 benignius,
3735 1412 3822 1471 per

2249 1500 2418 1551 totam
2450 1491 2617 1547 vitam
2644 1499 2767 1560 aget
2796 1489 3196 1560 paenitentiam.
3226 1488 3346 1544 Non
3375 1487 3524 1543 enim
3550 1487 3620 1544 ad
3647 1503 3820 1558 quem-

2232 1583 2397 1656 piam
2421 1597 2488 1639 ex
2520 1581 2683 1654 vulgo
2704 1590 2827 1638 erat
2890 1580 3272 1647 transiturum,
3304 1579 3454 1650 quod
3485 1579 3555 1636 ab
3580 1593 3642 1635 ea
3669 1579 3818 1635 ador-

2250 1684 2441 1732 natum
2479 1682 2620 1739 erat,
2659 1673 2884 1732 scelus:
2928 1671 3023 1729 sed
3063 1671 3132 1729 ad
3162 1684 3487 1744 germanum
3527 1670 3816 1742 coniugem,

2251 1777 2310 1824 et
2365 1767 2740 1827 ﬁdelissimum
2796 1766 3212 1831 imperatorem,
3244 1770 3303 1819 et
3329 1761 3586 1834 gentibus
3616 1761 3814 1818 terribi-

2249 1854 2378 1918 lem,
2425 1863 2482 1910 et
2531 1853 2599 1909 ad
2649 1853 2968 1909 universum
3022 1852 3212 1908 orbem
3268 1860 3434 1908 terra:
3481 1865 3818 1923 pervasurum

2249 1952 2368 2024 erat
2412 1943 2759 2000 maleﬁcium.
2797 1941 2918 2010 Quo
2959 1942 3090 2014 quid
3126 1955 3251 1998 esse
3287 1941 3538 2014 potuerit
3564 1941 3815 2013 periculo-

2249 2037 2366 2093 sius
2416 2043 2474 2092 et
2531 2036 2704 2108 magis
2756 2034 3018 2091 horribile
3047 2033 3072 2088 ’Ξ
3100 2034 3241 2090 adeo
3268 2042 3356 2090 -ut
3409 2032 3530 2104 ipsa
3576 2032 3817 2104 deinceps

2248 2128 2420 2202 possit
2446 2127 2515 2185 ad
2550 2127 2758 2183 nullam
2794 2127 3094 2198 confugere
3125 2125 3531 2182 defensionem.
3571 2123 3663 2180 Est
3684 2125 3815 2181 enim

2248 2221 2458 2292 privata
2490 2219 2640 2276 omni
2686 2219 2954 2279 oratione,
3000 2227 3058 2275 et
3085 2232 3208 2288 quae
3235 2217 3413 2289 ipsam
3448 2215 3816 2273 commendare

2248 2312 2498 2382 possint,
2553 2311 3010 2382 probationibus,
3069 2317 3130 2365 ut
3186 2324 3309 2381 qua:
3372 2317 3814 2380 argumentorum,

2247 2419 2370 2477 qua:
2394 2403 2588 2461 evitari
2615 2418 2724 2458 non
2754 2413 3005 2475 possunt,
3050 2401 3252 2457 habeat
3295 2411 3492 2457 contra
3538 2417 3597 2457 se
3641 2401 3814 2458 verita—

2250 2504 2360 2551 tem
2426 2494 2496 2551 ad
2554 2493 2854 2566 perfectam
2916 2494 3457 2552 condemnationem.
3514 2493 3588 2548 lle
3637 2499 3815 2549 cetera

2247 2596 2434 2643 autem
2476 2595 2636 2663 vocat
2682 2595 2918 2656 tempus,
2963 2593 3025 2645 ut
3053 2585 3170 2656 ipsa
3209 2583 3444 2662 letifera:
3487 2583 3715 2655 potionis
3737 2596 3815 2639 ve-

2249 2677 2399 2732 nena’
2420 2676 2662 2747 aperiam
2688 2692 2703 2731 :
2746 2684 2808 2732 ut
2838 2690 2966 2732 cum
2994 2682 3176 2731 vestra
3207 2684 3404 2731 saneta
3434 2672 3630 2729 viderit
3652 2681 3815 2744 pater-

2247 2769 2396 2826 nitas
2423 2768 2651 2826 sceleris
2696 2769 3147 2843 magnitudinem,
3195 2770 3251 2825 id
3296 2777 3509 2826 certum
3553 2767 3744 2825 habens
3769 2772 3818 2824 et

2247 2861 2613 2931 exploratum,
2677 2877 2788 2918 non
2840 2862 3076 2933 amplius
3128 2861 3384 2928 dubitet,
3440 2877 3618 2932 neque
3672 2860 3815 2916 ullam

2246 2959 2528 3022 exspectet
2584 2967 2795 3015 moram
2875 2962 2972 3009 aut
3028 2953 3292 3024 temporis
3353 2953 3680 3019 dilationem,
3733 2949 3816 3008 sed

565 3045 698 3125 num
728 3045 916 3087 semen
932 3030 1039 3125 ﬁat
1058 3029 1448 3125 adulterinum,
1480 3040 1535 3086 et
1558 3031 1860 3125 alienetid,
1892 3033 2039 3125 quod
2063 3042 2148 3090 est
2172 3067 2218 3125 ο
2249 3044 2650 3116 quamprimum
2689 3060 2810 3100 eam
2840 3045 2985 3118 iugis
3011 3043 3270 3116 subjiciat
3298 3044 3602 3125 οδηρηῑοίε,
3631 3053 3683 3100 ει
3704 3057 3847 3117 ρετ..

565 3120 880 3192 cognatum,
930 3121 1244 3177 introducto
1282 3120 1484 3178 furtivo
1536 3130 1592 3178 et
1633 3122 1777 3195 turpi
1830 3124 2148 3180 concubitu.

568 3211 722 3297 lianc
748 3229 878 3288 ergo
914 3233 945 3273 a
979 3219 1136 3297 nobis
1162 3230 1218 3278 et
1270 3221 1356 3289 iis,
1399 3222 1491 3294 qui
1527 3232 1658 3281 sunt
1702 3225 1876 3281 nostri
1925 3225 2152 3302 similes,

567 3305 755 3376 accipe
778 3311 1212 3380 responsionem,
1234 3325 1290 3370 et
1309 3315 1456 3385 aperi
1488 3315 1574 3382 iis,
1601 3317 1692 3387 qui
1718 3318 2012 3374 miserunt.
2035 3317 2156 3374 Non

567 3394 718 3450 enim
745 3397 1002 3456 cedemus
1036 3402 1121 3468 iis,
1182 3419 1304 3474 qua:
1335 3421 1366 3460 a
1395 3413 1448 3461 te
1470 3406 1765 3476 iactantur.
1800 3407 2027 3466 Mortem
2059 3425 2158 3480 po—

569 3488 681 3544 tius
714 3497 770 3546 et
797 3494 978 3564 gravia
1027 3495 1333 3554 subibimus
1359 3499 1646 3569 supplicia,
1695 3516 1858 3570 quam
1909 3502 1962 3556 in
1992 3502 2158 3558 rebus

569 3581 839 3649 ejusmodi
885 3585 935 3640 ei
980 3585 1091 3641 ullo
1121 3587 1284 3644 modo
1324 3589 1558 3646 velimus
1611 3591 1898 3649 inservire.
1962 3593 2160 3649 Audiat

572 3671 869 3743 imperator
896 3692 997 3733 nos
1046 3678 1174 3734 huic
1218 3680 1562 3750 improbabili
1606 3683 1838 3740 consilio
1872 3700 1984 3741 non
2035 3701 2156 3742 esse

573 3774 870 3830 parituros.
1368 3787 1378 3795 -

645 3855 734 3912 3t.
768 3855 863 3913 His
896 3861 1076 3916 verbis
1111 3864 1428 3923 coelestibus
1451 3869 1722 3924 attonitus
1751 3868 1821 3931 is,
1850 3869 1944 3940 qui
1981 3871 2157 3940 impe-

574 3947 796 4004 ratoriis
827 3940 1101 4015 serviebat
1126 3958 1430 4027 responsis,
1459 3960 1614 4016 vultu
1643 3968 1832 4031 tegens
1859 3959 2154 4028 tristitiam,

573 4041 726 4111 veni;
755 4057 915 4112 quam
946 4045 1209 4102 citissime
1239 4048 1306 4104 ad
1339 4064 1488 4114 eum,
1531 4052 1623 4123 qui
1655 4052 1900 4116 miserat,
1941 4068 2155 4121 eorum,

572 4150 696 4207 quae
733 4137 823 4192 ille
857 4140 1134 4210 sperabat,
1174 4142 1309 4198 nihil
1357 4145 1504 4216 quod
1549 4147 1600 4202 ei
1646 4158 1794 4204 esset
1835 4149 2006 4213 cordi,
2038 4163 2160 4215 om-

574 4227 710 4282 nino
741 4227 998 4286 aﬂ‘erens.
1046 4229 1340 4303 Postquam
1385 4243 1566 4290 autem
1603 4227 1933 4292 sacrosancti
1977 4249 2158 4309 pasto-

577 4317 654 4374 ris
685 4321 1046 4378 constantiam
1075 4324 1214 4381 vidit
1235 4325 1534 4397 imperator
1558 4343 1768 4398 quercu
1801 4343 1924 4385 esse
1946 4327 2157 4384 ﬁrmio-

2257 3134 2485 3190 suadeat
2514 3135 2565 3190 ei
2596 3134 2764 3191 vitam
2783 3135 2987 3208 eligere
3008 3135 3253 3206 quietam
3278 3150 3346 3190 ac
3380 3134 3747 3198 monasticam,
3775 3130 3814 3188 si

2256 3227 2389 3283 velit
2416 3241 2537 3284 eam
2568 3242 2793 3284 manere
2820 3228 2964 3284 inter
3006 3227 3352 3308 vivos..Nam
3379 3243 3504 3284 cum
3547 3225 3649 3282 hoc
3672 3224 3818 3280 male-

2256 3321 2438 3378 ﬁcium
2471 3320 2541 3376 sit
2565 3320 2701 3376 mibi
2749 3321 2984 3391 positum
3017 3329 3145 3376 ante
3177 3321 3390 3392 oculos,
3423 3318 3542 3375 ﬁeri
3588 3333 3692 3374 non
3729 3331 3816 3388 po-

2256 3423 2386 3478 test,
2422 3423 2484 3470 ut
2508 3429 2634 3470 cum
2665 3429 2731 3470 ea
2757 3415 2994 3487 amplius
3041 3428 3258 3471 servem
3294 3415 3423 3485 iura
3459 3413 3706 3486 coniugii,
3736 3422 3814 3467 aut

2256 3503 2433 3561 amice
2459 3502 2690 3572 amplius
2723 3517 2848 3559 cum
2878 3517 2940 3576 ea
2985 3487 3293 3575 coniungar
3338 3512 3396 3559 et
3423 3502 3598 3559 fmdus
3638 3501 3814 3557 lneam.

2257 3594 2557 3652 Noeentem
2585 3596 2754 3663 enim,
2780 3605 2841 3652 ut
2875 3594 3005 3653 dicit
3041 3595 3423 3666 proverbium,
3464 3593 3602 3650 Deus
3624 3604 3814 3664 quoque

2257 3687 2624 3758 persequitur.
2662 3687 2847 3743 lnnuit
2872 3701 3025 3758 ergo,
3061 3695 3117 3742 et
3166 3686 3332 3741 allata
3364 3693 3494 3740 sunt
3522 3698 3643 3740 vasa
3667 3683 3813 3738 vitrea

2256 3794 2383 3835 cum
2428 3778 2644 3857 liquore
2686 3778 2906 3837 turbido
2951 3779 3170 3835 curiose
3214 3778 3524 3850 composito
3556 3776 3620 3832 ad
3649 3775 3812 3831 falsam

2258 3869 2666 3927 accusationem
2695 3886 2847 3942 :qute
2862 3879 2991 3926 ante
3021 3867 3218 3926 faciem
3238 3870 3360 3937 eius
3386 3878 3442 3926 et
3466 3868 3641 3939 magni
3663 3864 3812 3922 Patris

2259 3960 2593 4028 statuerunt,
2622 3962 2716 4034 qui
2765 3963 3091 4028 aﬂ'erebant,
3134 3962 3338 4032 quibus
3391 3962 3621 4027 dicebat,
3649 3959 3813 4028 coniu-

2259 4069 2382 4126 gem
2412 4054 2496 4109 vel
2553 4063 2787 4111 mortem
2833 4056 2884 4110 el
2930 4068 3054 4113 esse
3104 4054 3496 4121 machinatum,
3539 4053 3619 4107 vel
3643 4049 3812 4106 mentis

2259 4145 2618 4201 emotionem.

2330 4234 2418 4290 55.
2462 4233 2673 4292 Videns
2693 4251 2826 4309 ergo
2858 4251 3093 4308 magnus
3117 4235 3380 4292 Tarasius
3408 4235 3498 4302 iis,
3524 4233 3613 4306 qui
3635 4244 3812 4302 nequa-

2258 4341 2423 4397 quam
2455 4326 2880 4392 conveniebant,
2918 4326 3154 4384 nexibus
3189 4333 3413 4397 captum
3442 4326 3812 4396 imwratorem.

577 4422 716 4473 rem,
738 4425 861 4480 quae
887 4413 958 4468 ab
1013 4414 1224 4486 impetu
1255 4429 1540 4477 ventorum
1579 4435 1690 4476 non
1735 4421 2066 4489 concutitur,
2106 4420 2160 4476 in
2194 4418 2238 4475 υ
2265 4425 2323 4472 et
2356 4416 2473 4473 falsi
2503 4416 2828 4488 labyrintbis
2861 4416 3193 4484 involutum,
3229 4427 3292 4474 ut
3319 4416 3553 4475 evadere
3589 4427 3692 4469 non
3710 4422 3813 4482 pos-

576 4500 941 4560 admiratione
969 4505 1181 4572 babuit,
1211 4509 1357 4578 quod
1386 4509 1591 4567 factum
1619 4513 1817 4579 fuerat,
1843 4511 2065 4580 timens,
2092 4527 2164 4568 ne

578 4593 764 4668 inclyti
804 4593 982 4654 Patris
1011 4613 1168 4654 mens
1196 4599 1508 4659 inﬂexibilis
1538 4604 1688 4661 nullo
1731 4604 1961 4675 strepitu
1990 4613 2164 4662 terre-

579 4694 751 4743 retur.
789 4686 1002 4746 llursus
1028 4706 1158 4764 ergo
1189 4693 1434 4760 mittens,
1466 4695 1629 4768 iubet
1668 4695 1862 4752 adesse
1891 4709 2162 4762 sanctum,

579 4781 833 4848 credens,
867 4783 910 4838 si
942 4799 1129 4840 coram
1173 4786 1459 4857 adfuisset,
1484 4787 1599 4846 fore
1631 4797 1693 4844 ut
1722 4790 2170 4847 se.submitteret

583 4876 871 4944 potestatis
898 4879 1229 4935 austeritati.
1259 4879 1398 4937 Cum
1440 4896 1571 4955 ergo
1597 4881 1843 4939 venisset
1877 4880 1931 4937 in
1964 4881 2166 4953 regiam

582 4973 640 5020 et
670 4965 738 5023 ad
762 4967 938 5037 ipsum
965 4970 1371 5042 imperatorem,
1415 4981 1469 5029 et
1499 4989 1622 5029 cum
1654 4988 1722 5028 eo
1761 4973 1830 5028 de
1861 4987 2012 5030 more
2036 4988 2170 5029 con-

583 5054 839 5120 sedisset,
880 5057 1092 5115 habens
1124 5077 1311 5118 secum
1340 5078 1530 5120 senem
1556 5063 1709 5119 illum
1737 5062 1848 5135 (δῦ)
1879 5060 2166 5122 Joannem.

585 5162 773 5216 Quem,
805 5165 933 5205 cum
969 5151 1025 5207 in
1054 5155 1300 5224 synodali
1335 5166 1649 5212 versaretur
1687 5155 2042 5226 expositione,
2071 5154 2172 5211 ad-

586 5239 804 5294 monuit
836 5241 1011 5298 oratio
1060 5242 1233 5301 fuisse
1277 5245 1799 5318 legatumdioccesis
1852 5242 2169 5312 orientalis;

588 5330 884 5402 multisque
908 5335 1238 5392 salutaribus
1262 5337 1726 5394 admonitionibus
1750 5336 1893 5409 apul
1932 5336 2171 5408 impera-

592 5428 768 5477 torem
799 5434 946 5480 esset
973 5442 1103 5485 usus
1132 5429 1388 5501 princeps
1408 5439 1706 5500 pastorum,
1732 5438 1787 5485 et
1814 5444 1925 5484 non
1936 5442 2175 5499 persua-

592 5509 755 5567 sisset
781 5531 793 5566 :
820 5522 937 5569 erat
961 5517 1129 5582 enim,
1156 5528 1215 5572 ut
1236 5528 1322 5575 est
1348 5520 1401 5574 in
1433 5519 1740 5592 proverbio,
1775 5520 2000 5592 hydram
2027 5521 2176 5576 scin-

593 5600 742 5667 dere,
780 5619 904 5659 cum
937 5622 964 5661 a
1001 5610 1151 5678 lapsu
1182 5610 1430 5678 liberare,
1472 5612 1561 5684 qui
1589 5613 1700 5683 iam
1730 5612 1845 5669 suis
1877 5612 2050 5669 instar
2079 5630 2174 5669 vo-

670 5716 786 5788 (56)
820 5717 981 5774 Num.
1020 5723 1080 5774 I9
1109 5721 1308 5777 tlit‘ilur
1349 5727 1640 5793 svucellus.

2267 4508 2360 4575 sit,
2407 4505 2516 4565 labi
2559 4507 2615 4563 in
2667 4508 2876 4580 peccati
2912 4509 3242 4580 periculum,
3286 4508 3634 4566 sacerrimum
3669 4502 3812 4559 telum

2267 4599 2444 4672 inﬁgit
2475 4599 2531 4655 in
2557 4599 2677 4672 eius
2705 4601 2892 4667 corde,
2936 4600 3019 4658 sic
3040 4600 3274 4657 dicens:
3302 4599 3391 4656 Ne
3420 4610 3653 4659 moveas,
3674 4607 3707 4650 ο
3726 4591 3811 4647 iat-

2267 4701 2506 4765 perator,
2568 4708 2718 4750 arma
2765 4693 2932 4751 surda
2979 4693 3244 4750 adversus
3296 4692 3394 4750 Dei
3447 4691 3608 4764 leges,
3663 4695 3811 4754 neque

2268 4793 2496 4857 propter
2518 4784 2715 4843 harum
2769 4784 3282 4858 transgressionem,
3321 4780 3623 4841 clanculum
3651 4780 3809 4833 contra

2269 4876 2493 4933 milites.
2518 4877 2620 4933 Est
2646 4877 2793 4933 enim
2834 4875 3201 4948 imperatoriae
3243 4873 3527 4947 potestatis
3559 4867 3806 4928 indicium.

2270 4967 2452 5022 omnia
2475 4982 2601 5022 cum
2623 4967 2796 5022 libera
2814 4966 2994 5022 facere
3018 4964 3376 5032 conscientia,
3401 4971 3457 5020 et
3480 4959 3613 5018 nihil
3639 4963 3806 5014 tectum

2272 5073 2337 5115 ac
2369 5058 2772 5115 dissimulatum
2810 5067 2998 5115 mente
3043 5056 3260 5128 agitare
3288 5056 3547 5113 adversus
3572 5062 3707 5115 eum,
3730 5041 3805 5115 qui

2273 5151 2424 5206 dedit
2451 5166 2735 5216 coronam,
2773 5158 2830 5205 et
2862 5149 3098 5206 maxime
3133 5147 3432 5205 avertendo
3453 5144 3682 5219 divinum
3706 5137 3806 5208 eius

2274 5244 2594 5300 mandatum
2655 5251 2711 5300 ct
2758 5243 3114 5300 voluntatem.
3171 5240 3457 5297 Neminem
3509 5235 3644 5293 enim
3700 5229 3812 5284 latet

2275 5338 2484 5394 nullum
2507 5335 2883 5393 intercessisse
2918 5336 3096 5392 scelus
3120 5334 3189 5391 ad
3216 5350 3304 5401 ea,
3329 5333 3450 5404 qua:
3473 5342 3613 5386 nunc
3632 5319 3807 5380 nefarie

2278 5436 2568 5484 struuntur
2588 5427 2853 5482 adversus
2888 5426 3312 5498 imperatricem,
3355 5433 3410 5479 et
3455 5435 3570 5492 qua:
3596 5429 3706 5472 eam
3727 5424 3807 5466 voc

2279 5524 2398 5578 lunt
2454 5522 2726 5594 subiicere
2753 5520 3118 5577 maleﬁcoruut
3176 5516 3467 5579 veneﬁciis,
3501 5521 3550 5569 et
3575 5508 3805 5567 aﬂirmanl

2279 5632 2398 5671 eam
2429 5614 2791 5673 machinalam
2830 5631 2950 5675 esse
2979 5623 3210 5671 mortem
3235 5609 3495 5684 maiestati
3518 5603 3806 5663 tueincom-
