4026 6386
333 454 455 519 1409

1853 451 2057 513 νιΤΑ.

3439 441 3575 507 1410

324 559 627 631 parabilem.
651 555 785 624 Quis
818 557 988 621 enim.
1022 565 1082 612 ut
1117 557 1267 628 prius
1286 557 1419 625 dixi,
1445 559 1681 632 glorians
1709 560 1892 629 specie
1922 568 1966 622 Λ
1998 553 2207 618 rodem.
2242 555 2332 624 qui
2356 565 2478 624 post
2504 563 2731 608 mortem
2769 555 2951 610 fratris
2979 557 3099 626 ejus
3131 572 3346 627 sponsa:
3382 559 3536 617 insan

235 689 244 702 .
317 650 604 722 juventutis
647 649 950 720 comparari
997 649 1239 720 potuerit
1283 665 1408 704 cum
1460 662 1551 706 tua
1580 652 1887 721 pulchritu-

321 743 458 808 dine,
487 750 545 796 ut
576 756 609 796 a
650 740 840 796 fraude
883 741 1128 796 inescata
1157 740 1253 795 tibi
1296 757 1570 798 venenum
1622 743 1891 813 prteberet

323 833 647 896 muliercula,
689 841 744 888 et
778 847 838 887 se
868 833 936 888 ab
967 848 1050 899 ea,
1103 848 1225 903 quae
1264 842 1348 888 est
1395 833 1450 888 in
1481 844 1552 899 te,
1591 835 1890 890 abduceret

321 924 548 980 amicitia
576 931 631 979 et
665 939 922 994 germano
946 925 1182 980 ardore?
1221 925 1483 991 Quisnam
1521 931 1747 997 app’aret
1772 943 1888 982 ma-

316 1016 412 1087 jori
454 1017 690 1087 glorians
735 1017 1077 1084 excellentia,
1121 1033 1284 1088 quam
1329 1019 1495 1074 vestri
1535 1020 1746 1089 imperii
1777 1020 1886 1091 (57)

319 1106 645 1177 quadruplici
681 1108 976 1178 purpura?
1005 1108 1178 1175 Quem
1218 1109 1390 1165 oculis
1419 1118 1475 1164 et
1508 1111 1732 1165 nutibus
1778 1112 1890 1181 pel-

320 1196 507 1252 lectum
556 1212 784 1254 summae
854 1208 1054 1254 vestrae.
1125 1201 1360 1269 praetulit
1411 1202 1706 1272 dignitati?
1754 1203 1888 1270 Quis

319 1298 500 1343 contra
541 1288 884 1344 adversarios
923 1290 976 1344 in
1008 1297 1090 1344 tot
1121 1291 1320 1362 praeliis
1367 1307 1426 1346 se
1476 1302 1582 1347 tam
1630 1295 1888 1363 praeclare

317 1378 475 1448 gessit
506 1393 670 1448 supra
690 1387 923 1434 vestram
951 1379 1072 1450 plus
1093 1396 1253 1449 quam
1283 1375 1588 1435 Davidicam
1613 1382 1889 1438 fortitudi~

316 1483 454 1533 nem,
489 1479 547 1524 ut
565 1469 636 1524 ab
657 1470 772 1542 ipsa
793 1479 1068 1525 amaretur
1097 1471 1218 1540 plus
1237 1487 1397 1541 quam
1423 1481 1513 1526 tua
1541 1473 1886 1543 imperatoria

313 1558 636 1631 dominatio}
665 1561 784 1616 Non
825 1572 932 1628 est,
973 1578 1083 1616 non
1114 1572 1199 1617 est
1228 1563 1321 1618 ita.
1359 1562 1604 1620 Fuerunt
1651 1567 1768 1621 haec.
1799 1567 1888 1620 in-

313 1656 462 1703 venta
493 1658 550 1704 et
595 1649 923 1721 excogitata,
978 1659 1038 1706 ut
1082 1653 1560 1721 praetenderentur
1607 1656 1675 1710 ad
1725 1672 1888 1711 omne

311 1739 531 1796 vitium:
593 1743 894 1812 proposita,
927 1755 988 1798 ut
1026 1744 1203 1799 labem
1248 1744 1467 1800 inurant
1515 1757 1729 1814 sceptro
1783 1749 1888 1803 im~

311 1831 458 1902 perii,
496 1833 808 1902 parabolam
862 1833 917 1888 in
945 1836 1220 1905 gentibus,
1275 1844 1330 1891 et
1361 1837 1654 1892 motionem
1693 1840 1884 1910 capitis

312 1922 360 1976 in
386 1923 598 1994 populis
630 1939 724 1978 vos
757 1940 963 1995 ponere
996 1927 1236 1997 graviter
1269 1928 1543 1998 urgentia.
1583 1916 1881 2000 Propterea

311 2013 536 2086 legitima
560 2016 684 2085 jura
721 2028 915 2074 vestrae
939 2021 1240 2091 conjugalis
1263 2030 1317 2076 et
1341 2022 1704 2092 imperatoria:
1728 2025 1882 2079 unio-

309 2105 389 2160 nis
415 2122 522 2161 non
547 2108 816 2164 audemus
847 2111 1172 2175 dissolvere,
1203 2111 1298 2166 Dei
1323 2113 1655 2184 legislatoris
1683 2117 1884 2170 timenc

309 2203 384 2250 tes
421 2199 751 2252 sententiam
789 2217 802 2253 :
851 2215 1030 2271 neque
1073 2203 1254 2257 verbis
1281 2243 1294 2268 ,
1345 2219 1468 2272 quae
1521 2216 1773 2271 spectant
1817 2207 1883 2260 ad

305 2289 668 2345 accusandum
711 2301 859 2347 tuam
917 2293 1228 2364 coniugem,
1271 2297 1494 2352 credere
1527 2299 1879 2363 sustinemus,

305 2367 510 2430 etiamsi
572 2379 715 2456 mille
740 2381 1005 2436 mortibus
1033 2390 1089 2437 et
1121 2385 1410 2441 tormentis
1437 2387 1670 2458 subjecti
1715 2388 1884 2443 fueri-

301 2481 437 2529 mus.
470 2479 529 2525 ut
559 2472 649 2540 qui
675 2473 912 2527 sciamus
961 2474 1217 2530 diuturna
1249 2476 1677 2533 inflammatione
1707 2481 1879 2534 teneri

301 2563 442 2612 tuam
486 2560 839 2616 aﬂ'ectioncm
889 2562 942 2617 in
977 2565 1356 2621 mulierculam
1403 2568 1544 2622 illam
1580 2569 1883 2624 fornicatri-

301 2662 436 2702 cem.
468 2649 614 2733 Quin
645 2653 810 2706 etiam
842 2653 946 2708 hoc
975 2669 1191 2724 quoque
1223 2665 1412 2711 notum
1442 2658 1673 2714 facimus
1697 2676 1878 2714 coram

301 2736 408 2794 Deo
422 2740 474 2794 in
501 2741 694 2811 primis
719 2741 1054 2799 honoranda:
1096 2753 1202 2800 tua:
1233 2762 1510 2817 purpurze,
1551 2750 1698 2818 quod
1733 2751 1875 2804 intra

299 2831 567 2887 cancellos
615 2833 916 2890 incruenta:
969 2851 1194 2902 mensm,
1263 2839 1318 2892 in
1381 2855 1486 2909 qua
1549 2841 1875 2896 sacrificium

299 2937 501 2995 magna:
546 2923 736 2980 hostia;
765 2925 964 2981 Christi
1003 2929 1385 2985 venerabiliter
1437 2932 1733 3002 peragitur,
1765 2949 1876 3002 non

299 3009 543 3069 sinemus
579 3015 812 3084 amplius
860 3016 1143 3071 nobiseum
1171 3029 1407 3074 vestram
1437 3019 1644 3091 ingredi
1677 3031 1873 3091 poten-

300 3103 442 3169 tiam,
465 3120 543 3159 ne
576 3120 676 3160 nos
704 3121 923 3177 quoque
946 3109 1252 3170 audiamus,
1286 3111 1430 3182 quod
1455 3111 1509 3164 in
1542 3116 1874 3170 exsecratio-

1993 662 2180 702 amore
2229 647 2536 712 tenebatur,
2584 648 2759 717 arguit
2805 648 3032 717 (Matth.
3071 666 3182 715 xw,
3217 651 3279 720 5)
3303 693 3319 717 ,
3355 651 3444 706 hic
3471 668 3570 708 au-

1995 749 2124 804 tem,
2169 754 2294 793 cum
2342 739 2524 794 adhuc
2554 749 2700 795 esset
2723 750 3005 812 superstes
3036 757 3170 796 uxor
3201 743 3578 812 imperatoris.

1991 839 2046 884 et
2077 846 2200 884 cum
2229 845 2291 884 ea
2311 840 2502 885 ornata
2533 841 2682 886 esset
2705 833 2919 902 itnperii
2941 833 3270 902 diademate,
3297 845 3352 891 et
3373 837 3570 892 deinde

1991 921 2218 991 expulsa
2241 931 2408 986 esset,
2432 938 2540 978 non
2561 924 2848 979 ferendum
2871 941 2992 980 esse
3014 937 3164 982 ratus
3194 930 3337 999 quod
3366 935 3568 985 tactum

1992 1010 2191 1076 fuerat,
2226 1011 2329 1066 fuit
2368 1014 2763 1068 convenienter
2793 1013 3246 1086 Psalmographo,
3289 1017 3354 1070 ad
3393 1027 3570 1071 matu-

1993 1102 2164 1154 tinum
2212 1103 2531 1157 acutissima
2571 1105 2966 1173 reprehensio,
3015 1107 3229 1161 etiamsi
3271 1107 3472 1170 cribro,
3508 1117 3568 1162 ut

1990 1189 2210 1254 dicitur,
2247 1192 2510 1256 hauserit,
2563 1201 2619 1247 et
2667 1193 2884 1248 acinum
2935 1194 3158 1260 inﬁarit,
3213 1212 3337 1250 cum
3383 1198 3564 1252 saucia

1988 1288 2132 1334 esset
2161 1289 2216 1335 et
2244 1282 2538 1351 pertineret
2571 1301 2724 1339 mens
2756 1285 3104 1355 imperatoris
3131 1287 3303 1358 (Paul.
3341 1305 3392 1352 c,
3425 1292 3505 1359 8).

2058 1369 2144 1423 55.
2182 1371 2396 1426 Etenim
2425 1389 2546 1428 cum
2579 1377 2763 1430 statim
2790 1393 2932 1440 eam,
2958 1395 3080 1446 quae
3105 1380 3205 1433 sibi
3234 1380 3561 1435 matrimonii

1983 1461 2108 1531 jure
2135 1464 2424 1532 conjuncta
2459 1475 2597 1529 erat,
2627 1482 2656 1520 a
2689 1482 2750 1522 se
2785 1469 3162 1537 amandasset,
3198 1480 3253 1526 et
3287 1473 3354 1526 ab
3391 1473 3564 1543 impe‘-

1990 1555 2193 1608 ratoria
2243 1555 2365 1609 auia
2401 1556 2716 1622 alienasset,
2773 1569 2831 1614 et
2863 1561 2976 1630 (58)
3023 1562 3234 1630 privato
3279 1563 3463 1618 habitu
3507 1575 3564 1620 et

1990 1642 2112 1697 loco
2149 1659 2267 1698 eam
2297 1646 2838 1716 circumscripsisset,
2866 1664 2894 1704 a
2929 1657 3254 1720 tempestate
3287 1663 3342 1707 et
3371 1651 3572 1726 caligi-'

1991 1748 2129 1788 noso
2180 1733 2271 1788 illo
2317 1735 2450 1801 salo,
2495 1736 2640 1804 quod
2681 1737 2923 1791 subierat
2961 1739 3166 1805 animo,
3209 1741 3435 1807 destitit,
3469 1758 3564 1812 per

1989 1826 2390 1892 separationem
2432 1841 2459 1878 a
2489 1841 2748 1896 germano
2782 1844 2882 1883 suo
2932 1832 3200 1886 men-ibro.
3252 1835 3388 1887 Cum
3435 1849 3563 1888 vero

1987 1916 2323 1970 volutaretur
2355 1918 2410 1971 in
2440 1933 2600 1972 emno
2633 1919 2929 1975 introducti
2963 1922 3110 1976 illius
3139 1925 3481 1989 concubitus,
3506 1938 3562 1979 ct

1987 2008 2222 2062 maxima
2259 2007 2306 2061 vi
2336 2009 2384 2062 ei
2419 2009 2608 2072 allata,
2665 2012 2860 2066 crebro
2892 2014 3204 2082 pontiﬁcem
3257 2017 3556 2081 incitasset,

1987 2105 2047 2150 ut
2078 2097 2200 2166 ejus
2231 2100 2421 2153 vertici
2453 2110 2774 2156 contexeret
2803 2118 3061 2159 coronam
3098 2107 3376 2161 tenebrosi
3412 2108 3560 2164 illius

1985 2198 2040 2242 et
2069 2189 2268 2244 occulti
2311 2199 2622 2247 contractus
2645 2234 2660 2258 ,
2707 2209 2813 2248 non
2855 2194 2957 2250 fuit
2993 2199 3137 2265 quod
3165 2199 3376 2252 volebat
3409 2215 3560 2254 assc-

1985 2291 2160 2336 cutus.
2193 2280 2268 2336 De
2297 2293 2496 2338 caetero
2523 2297 2702 2352 autem
2745 2288 2853 2342 huc
2894 2273 3099 2354 obibat,
3149 2307 3398 2361 qumrens
3443 2293 3558 2363 (59)

1985 2373 2347 2437 sacerdotem,
2379 2375 2470 2444 qui
2513 2391 2776 2432 coronam
2811 2389 3168 2446 contexeret,
3230 2379 3300 2437 ut'
3341 2394 3558 2454 turpem

1983 2461 2133 2516 illum
2167 2463 2467 2518 celebraret
2505 2465 2871 2537 hymenaeum.

2564 2621 2794 2677 CAPUT
2838 2623 2970 2679 Vill.

1982 2728 2164 2784 Sancti
2203 2734 2410 2788 Tarasii
2443 2735 2704 2802 patientia
2753 2738 2808 2790 in
2841 2739 3120 2792 adversis:
3160 2740 3448 2794 admonitio
3486 2744 3560 2796 ad

2075 2804 2272 2856 clerum
2304 2805 2367 2857 de
2398 2805 2658 2874 {renando
2707 2807 2896 2860 illicito
2926 2825 3172 2862 sensuum
3202 2816 3463 2879 appetitu.

2055 2915 2144 2970 36.
2201 2915 2270 2970 Et
2320 2917 2388 2972 de
2438 2917 2788 2988 imperatoris
2837 2921 3058 2990 quidem
3115 2922 3168 2976 in
3226 2923 3556 2979 inﬁrmando

1979 3022 2258 3082 praecepto
2288 3013 2657 3080 recusatione,
2693 3025 2748 3070 et
2776 3014 2944 3070 divini
2981 3013 3156 3072 Patris
3197 3015 3322 3070 forti
3367 3033 3429 3070 ac
3458 3034 3554 3086 ge~

1982 3118 2175 3157 ncrosa
2206 3105 2514 3158 constantia
2547 3105 2834 3160 hactenus.
2859 3105 3048 3176 Neque
3078 3107 3224 3162 enim
3255 3107 3335 3163 fas
3365 3117 3446 3162 est
3467 3125 3555 3162 res

299 3194 454 3250 nibus
502 3195 617 3270 iam
690 3198 818 3251 olim
887 3197 1090 3254 dicitur
1132 3203 1200 3257 ad
1247 3205 1595 3259 εδρετιιοιθεε
1656 3207 1946 3288 calcarec
1982 3195 2126 3250 illius
2185 3196 2416 3251 ulterius
2461 3197 2724 3252 mandare
2776 3200 3148 3254 monumentis
3207 3201 3554 3264 litterarum,

298 3281 490 3336 atrium
547 3297 728 3338 meum
769 3299 879 3338 non
936 3287 1222 3356 adjicietis.
1274 3289 1400 3344 Haec
1457 3289 1742 3357 ’l‘arasius,
1781 3296 1873 3365 qui

299 3373 452 3444 primi
474 3373 720 3430 Pastoris
747 3375 948 3431 Christi
977 3393 1110 3433 oves
1129 3381 1349 3452 regebat
1374 3383 1718 3452 spiritaliter,
1748 3403 1872 3442 cum

295 3479 472 3522 coram
522 3467 855 3538 imperatore
907 3472 1310 3538 pronuntiasset
1351 3488 1474 3527 cum
1521 3477 1702 3531 cordis
1740 3493 1874 3532 conc

293 3558 537 3622 tritione,
575 3560 878 3615 orationem
909 3562 1179 3618 conclusit
1207 3565 1441 3619 silentio.

365 3649 452 3703 54.
491 3649 796 3705 Pratdictus
829 3660 1011 3706 autem
1043 3651 1302 3719 Joannes,
1341 3670 1467 3709 cum
1512 3657 1626 3726 ipse
1656 3673 1874 3729 quoque

294 3739 359 3794 ad
394 3739 784 3809 imperatorem
825 3743 1010 3798 multis
1039 3754 1188 3798 esset
1223 3761 1352 3800 usus
1383 3747 1868 3818 admonitionibus,

293 3832 562 3887 sustinuit
615 3835 882 3889 maximos
916 3835 1114 3892 ﬂuctus
1171 3838 1480 3909 ignominiae
1527 3842 1594 3896 ab
1641 3843 1728 3908 iis,
1778 3847 1872 3916 qui

296 3933 548 3991 praetura:
593 3925 862 3996 dignitate
907 3930 1284 4000 gloriabantur
1337 3941 1392 3987 et
1441 3933 1652 3990 honore
1698 3940 1872 4007 patri-

292 4017 466 4072 ciatus
505 4037 518 4072 :
555 4017 647 4088 qui
681 4019 844 4074 etiam
881 4021 1228 4077 minabantur
1259 4040 1317 4078 se
1346 4039 1533 4079 ensem
1581 4027 1872 4082 adacturos

292 4123 390 4178 per
417 4109 681 4164 intestina
721 4111 888 4174 senis,
943 4119 1002 4166 ut
1050 4113 1140 4182 qui
1193 4113 1558 4184 imperatoriae
1607 4118 1868 4187 potestati

291 4201 458 4257 verba
495 4211 789 4272 exspueret
819 4205 1115 4268 contraria,
1135 4215 1188 4259 et
1214 4222 1323 4262 non
1359 4206 1468 4262 cito
1499 4209 1870 4278 acquiesceret

289 4295 558 4351 voluntati
593 4295 958 4366 imperatoris.
989 4297 1127 4352 Cum
1153 4307 1338 4352 autem
1371 4298 1582 4354 ﬁrmam
1615 4307 1671 4354 et
1697 4300 1868 4355 stabi-

291 4386 396 4441 lem
433 4401 658 4442 manere
709 4388 1009 4457 utriusque‘
1043 4390 1391 4454 sententiam,
1445 4390 1743 4460 imperator
1782 4392 1868 4447 his

291 4479 474 4534 verbis
499 4479 766 4534 sensisset
791 4488 846 4534 et
870 4481 1054 4544 minis,
1101 4481 1349 4536 fervente
1383 4482 1462 4536 ira
1493 4484 1768 4547 incensus,
1810 4494 1864 4539 et

1978 3303 2101 3356 qua:
2133 3286 2220 3352 iis,
2271 3288 2364 3358 qui
2395 3289 2662 3354 audiunt,
2708 3289 2914 3344 nttllam
2963 3291 3203 3344 alie-runt
3241 3293 3550 3346 utilitatem.

1979 3377 2092 3432 lloc
2119 3388 2300 3432 autem
2335 3386 2555 3448 oportet
2582 3395 3036 3446 commemorare,
3075 3381 3217 3450 quod
3243 3394 3272 3434 a
3307 3391 3552 3450 tempore

1976 3470 2122 3526 illius
2151 3469 2337 3540 lapsus
2369 3471 2666 3541 imperator
2689 3487 2946 3540 magnum
2971 3473 3243 3543 Oppressit
3265 3460 3548 3527 Tarasiuui

1977 3563 2164 3616 multis
2191 3563 2616 3626 tentationibus,
2648 3563 2696 3617 ei
2721 3563 2990 3618 adhibens
3022 3565 3299 3629 custodes,
3333 3560 3431 3634 qui
3452 3581 3548 3619 no~

1976 3653 2122 3707 mine
2159 3652 2380 3722 quidem
2416 3653 2497 3706 usi
2539 3661 2672 3707 sunt
2702 3652 2814 3723 (60)
2865 3653 3257 3724 syncellorum,
3304 3655 3551 3711 moribus

1977 3760 2106 3799 vero
2133 3747 2292 3816 longe
2321 3747 2551 3801 aberant
2575 3761 2604 3800 a
2640 3746 2866 3815 pietate.
2907 3744 3056 3812 Quos
3087 3745 3189 3800 nisi
3220 3749 3550 3816 assumpsis-

1973 3845 2086 3900 set,
2123 3845 2178 3890 et
2221 3837 2326 3890 nisi
2381 3851 2478 3914 per
2516 3851 2706 3890 eorum
2749 3835 2940 3890 oculos
2973 3835 3299 3896 transiisset.
3336 3853 3443 3892 nou
3481 3838 3546 3890 li-

1973 3931 2129 3984 cebat
2169 3929 2421 3999 cuiquam
2461 3929 2528 3984 ad
2558 3928 2806 3984 divinum
2837 3938 2890 3984 et
2917 3929 3224 3998 sapientem
3265 3940 3547 4000 pastorum

1973 4019 2272 4090 principem
2303 4021 2586 4085 accedere,
2621 4031 2675 4076 et
2717 4036 2778 4075 ea
2812 4036 2933 4090 quae
2978 4021 3302 4075 videbantur
3340 4021 3544 4092 eloqui.

1972 4111 2176 4177 Taceo,
2201 4123 2460 4184 quantam
2493 4114 2796 4183 imperator
2822 4119 3137 4169 ostenderet
3166 4115 3545 4170 crudelitatem

1971 4203 2024 4256 in
2056 4218 2170 4269 eos,
2207 4204 2299 4274 qui
2347 4203 2420 4257 illi
2462 4203 3000 4272 apprOpiuquabant,
3053 4213 3106 4257 et
3133 4219 3258 4258 eum
3291 4203 3548 4258 obseria-

1971 4297 2103 4351 bant
2149 4311 2404 4366 germana
2446 4296 2749 4358 servitute,-
2803 4295 2978 4365 plagis
3023 4295 3264 4350 alliciens
3307 4303 3364 4350 et
3409 4312 3546 4350 con-

1967 4387 2236 4442 dcmnans
2261 4387 2468 4441 exsiliis
2497 4387 2643 4441 nulla
2683 4387 2829 4457 justa
2857 4388 2924 4441 de
2953 4402 3136 4452 causa,
3169 4388 3399 4442 studens
3419 4404 3545 4444 eum

1967 4478 2204 4548 dejicere
2237 4495 2266 4533 a
2310 4494 2438 4532 cura
2477 4493 2658 4533 rerum
2705 4477 3038 4544 divinarum,
3072 4487 3128 4532 et
3164 4487 3380 4533 tentans
3418 4493 3542 4533 cum

287 4569 468 4624 sciens
499 4585 558 4624 se
581 4585 692 4626 non
727 4587 886 4640 posse
921 4581 1109 4626 contra
1139 4571 1254 4629 haec
1282 4574 1486 4639 dicere,
1509 4575 1672 4644 jussit
1708 4590 1801 4630 eos
1833 4591 1863 4630 ο
1900 4564 1941 4620 υ
1969 4570 2186 4625 allicere
2219 4570 2464 4624 tristitia.
2497 4571 2586 4625 llle
2617 4578 2800 4624 autem
2829 4569 2957 4624 forti
2982 4585 3044 4624 ac
3067 4570 3340 4624 constanti
3366 4569 3545 4624 excel-

286 4675 345 4716 se
383 4663 604 4734 expelli,
660 4665 898 4718 victores
947 4665 1066 4719 sine
1115 4665 1407 4730 vibicibus,
1457 4675 1514 4721 et
1560 4677 1860 4738 martyres,

283 4751 428 4820 quod
471 4752 537 4808 ad
587 4767 647 4808 se
679 4754 896 4813 attinet,
933 4753 1276 4824 proclamans
1315 4769 1518 4810 corona
1557 4759 1860 4812 redimitos.

283 4840 427 4906 Quid
460 4844 566 4900 hoc
597 4845 756 4900 abest
779 4859 810 4900 a
841 4844 1070 4900 Joannis
1100 4845 1408 4900 miraculo?
1445 4847 1538 4904 ille
1565 4849 1712 4902 enim
1755 4847 1861 4903 lle—

353 4977 468 5056 _(57)
504 4979 744 5046 Quartus
771 4979 825 5035 in
853 4994 950 5056 sua
975 4979 1178 5035 familia
1227 4994 1628 5056 consequenter
1691 4986 1860 5056 impe-

281 5049 463 5120 rabat,
489 5061 608 5117 post
631 5060 858 5120 patrem
886 5049 1148 5120 Leonem,
1214 5067 1373 5105 avum
1412 5049 1859 5109 Constantinum

279 5117 691 5203 Coptonvmu'tu
719 5129 773 5174 et
808 5135 1068 5202 proavum
1089 5119 1336 5203 licentem
1387 5121 1714 5180 lsauticum.

353 5187 467 5258 (58)
491 5187 682 5259 Coegit
718 5187 863 5252 eam,
889 5191 1066 5260 inquit
1089 5190 1470 5259 Theophanes,
1505 5203 1563 5248 ut
1592 5195 1858 5250 mouaelta

279 5257 470 5328 fieret:
503 5257 668 5326 quain
691 5275 814 5317 cum
839 5257 1068 5325 inﬁciit,
1095 5257 1350 5326 totondit,
1377 5257 1568 5319 iudict.
1587 5264 1642 5328 ὅ,
1671 5281 1859 5320 meuse

276 5327 566 5399 Januario.
610 5343 756 5384 anno
783 5331 994 5399 imperii
1025 5331 1076 5395 5,
1119 5331 1323 5385 Christi
1363 5331 1488 5389 795.

353 5397 468 5465 (59)
507 5397 733 5453 Michael
768 5397 1072 5455 monachus
1105 5401 1159 5454 in
1205 5400 1326 5454 Vita
1368 5404 1542 5456 sancti
1593 5402 1859 5460 Theodori

282 5464 540 5544 §tuditaz,
557 5471 632 5522 ait
652 5489 679 5544 c_
693 5481 968 5544 repertum
993 5486 1114 5526 esse
1141 5473 1512 5544 presbyterum
1540 5476 1853 5544 quemdam,

275 5534 483 5610 .loseph
532 5534 986 5610 nomine—Lgradn
1022 5534 1153 5596 vero
1193 5534 1854 5608 mcdnomum'Ecclcsize,

279 5607 374 5674 qui
439 5609 558 5677 plus
611 5607 1012 5684 illo_i(T_a'rasio)
1051 5610 1288 5684 sapiens,
1338 5614 1631 5684 dixinaque
1671 5607 1855 5670 tltlitliti

279 5685 657 5752 contemnens,
690 5680 1006 5734 illicitarum
1044 5682 1377 5752 nuptiarum,
1440 5680 1584 5752 quod
1628 5685 1856 5741 minime

278 5746 491 5824 debuit,
520 5751 767 5824 lenonem
796 5765 856 5824 se
887 5746 1142 5824 prmstitit
1167 5746 1606 5824 iuitiatoremque
1634 5767 1687 5810 et
1717 5771 1853 5812 con-

277 5817 580 5874 ciliatorem
609 5817 1289 5892 conjugii,'obsequenlem
1321 5839 1380 5878 se
1413 5817 1718 5892 per'omuia
1745 5826 1848 5878 im-

274 5899 514 5958 peratori
531 5891 798 5960 prtebcus,
817 5891 895 5946 vir
913 5891 1014 5946 fide
1041 5908 1232 5948 servus
1255 5891 1490 5962 tequcac
1514 5897 1816 5953 voluntate.
1833 5915 1852 5948 ι

1969 4675 2140 4730 soque
2171 4668 2228 4715 et
2270 4660 2506 4716 infracto
2545 4661 2730 4717 animo
2775 4677 2860 4725 ea,
2910 4677 3034 4730 quae
3070 4661 3392 4715 accidebant
3421 4671 3544 4714 tan-

1965 4767 2127 4822 quam
2165 4768 2286 4822 quze
2317 4761 2474 4806 erant
2505 4752 2656 4806 utilia
2694 4761 2972 4820 reputans,
3017 4766 3210 4821 graves
3255 4751 3375 4804 illos
3400 4767 3542 4819 prmo-

1966 4847 2177 4912 fcctos,
2237 4855 2492 4916 tanquam
2547 4845 2895 4916 Egyptiacos
2944 4858 3172 4915 operum
3224 4851 3539 4911 exactores,

1965 4978 2032 5035 Et
2090 4980 2170 5036 sic
2220 4979 2523 5034 secundum
2555 4977 2943 5045 Theophanem
2991 4995 3009 5026 ι
3043 4974 3292 5040 Augusto
3353 4989 3542 5029 mense,

1967 5050 2257 5104 coronavit
2307 5051 2603 5118 imperator
2653 5046 2983 5118 Theodoti-tr
3024 5045 3420 5118 cubicularium
3486 5046 3538 5098 in

1963 5119 2288 5190 Augustam,
2325 5115 2771 5190 ct'desponsavit
2799 5131 2922 5170 eam
2965 5117 3179 5190 inique.
3222 5115 3353 5168 Dein
3395 5130 3539 5190 anno

1965 5186 2178 5260 imperii
2208 5190 2291 5246 sui
2314 5200 2492 5260 sexto,
2511 5186 2712 5260 ‘mense
2740 5186 3070 5260 Septembri,
3087 5188 3138 5238 iu
3163 5186 3540 5260 peratoEtlonf

1963 5253 2237 5316 sta-utilius
2282 5276 2408 5314 cum
2442 5258 2720 5313 Theodote
2757 5253 2974 5325 nuptias
3007 5259 3058 5310 iu
3097 5253 3300 5325 palatio
3354 5253 3537 5309 Saneti

1963 5331 2257 5406 lliamantis
2305 5331 2620 5406 celebravit.
2663 5347 2682 5380 ι
2711 5328 2762 5382 is
2790 5338 2907 5406 erat
2957 5343 3136 5406 annus
3166 5325 3368 5406 Christi
3411 5326 3536 5406 795,

1964 5401 2160 5456 lndict.
2192 5400 2226 5453 4
2263 5409 2458 5468 empta.
2496 5399 2616 5466 Quo
2651 5415 2760 5453 non
2789 5399 3173 5451 animadverso
3211 5399 3423 5468 tertiam
3457 5399 3540 5448 ιη·-

1961 5473 2256 5530 dictionem
2325 5466 2431 5548 liic_
2475 5469 2846 5548 legi__debere
2909 5478 3060 5548 ratus
3127 5477 3210 5521 est
3271 5466 3537 5548 Batonius

1961 5558 2112 5598 num.
2147 5543 2238 5596 41.
2268 5542 2346 5595 Ita
2380 5540 2545 5617 idem_
2572 5539 2934 5617 Theophanes
2977 5539 3042 5592 ad
3076 5553 3282 5617 annum
3325 5539 3534 5617 imperii

1961 5613 2314 5688 Constantini
2347 5620 2410 5688 _et
2444 5609 2625 5688 lreites
2661 5606 2960 5688 septimum
2999 5623 3188 5664 mense
3229 5606 3533 5688 Septembri

1960 5683 2206 5754 aztjungit
2241 5683 2457 5737 initium
2493 5681 2811 5754 imlictiouis
2845 5681 3156 5742 decimw,el
3189 5681 3534 5754 primo_anno

1960 5747 2173 5822 imperii
2229 5751 2576 5808 Constantini
2619 5751 2792 5806 solius
2848 5765 3088 5822 mensem
3153 5747 3529 5816 Septembrem

1960 5820 2081 5878 cum
2111 5823 2406 5878 indictione
2442 5822 2651 5876 decima
2683 5830 2875 5892 quarta
2907 5820 3119 5892 statuit.

2040 5892 2150 5964 (60)
2176 5893 2411 5964 Syncclii
2442 5895 2659 5964 proprie
2687 5885 2882 5948 domus
2908 5891 3164 5960 cella'qne
3197 5885 3534 5960 patriarcha-
