4026 6434
453 489 584 559 illi

1557 493 1628 556 Si
1662 492 1974 552 TARASII
2007 444 2516 555 PATRIARCHE
2549 494 2662 555 CP.

3591 495 3726 562 “19

447 607 730 674 sustinuit,
764 617 820 662 et
863 607 918 662 in
960 607 1106 663 omni
1153 607 1456 663 tentatione
1499 615 1555 662 et
1599 608 1788 664 labore
1821 624 1880 664 se
1913 609 2025 680 (61)
2061 615 2102 672 Α
2135 610 2282 675 talis,
2322 621 2382 666 ut
2413 611 2647 666 rationis
2679 611 2958 682 particeps
2991 611 3290 684 attingeret
3318 606 3641 668 alimentum
3667 622 3731 670 et

446 697 680 769 probum
715 713 838 754 esse
881 699 1141 766 ostendit,
1176 699 1532 754 adamantina
1571 697 1695 754 Jobi
1731 699 2032 754 ratiocina-

449 789 597 846 tione
637 799 898 860 tanquam
937 789 1104 846 armis
1135 790 1406 855 munitus,
1433 799 1491 846 et
1521 791 1668 846 illius
1698 791 2036 862 inexpugna-

446 881 616 937 bilem
661 881 909 937 imitatus
948 883 1291 952 patientiam,
1327 883 1468 938 adeo
1496 891 1560 938 ut
1584 882 1778 954 ignave
1809 883 2034 938 verbum

445 972 780 1044 insipientia:
808 989 839 1028 e
867 974 1039 1028 labris
1063 975 1178 1029 suis
1201 989 1484 1045 nunquam
1509 975 1808 1030 emitteret.
1849 974 2038 1044 Neque

444 1067 591 1120 enim
630 1066 868 1121 habebat
919 1066 1182 1121 humilem
1238 1076 1294 1122 et
1341 1067 1615 1138 abjectum
1667 1067 1912 1120 aninmm
1954 1065 2038 1120 vir

446 1158 540 1213 ille
583 1160 768 1228 justus
812 1159 866 1213 in
914 1159 1003 1224 iis,
1037 1174 1160 1230 qua:
1201 1159 1562 1224 accidebant,
1602 1160 1698 1214 sed
1738 1159 2038 1216 virtutibus

448 1249 738 1306 sublimem
765 1258 822 1304 et
848 1237 1150 1316 excelsum,
1187 1259 1244 1306 et
1279 1251 1690 1320 pontiﬁcalibus
1734 1252 2038 1306 canonibus

447 1350 504 1396 et
562 1341 775 1413 legibus
816 1342 1049 1411 pulchre
1101 1350 1372 1406 erectum,
1431 1350 1486 1398 et
1542 1343 1702 1412 plane
1755 1353 2038 1414 expertem

446 1433 632 1487 omnis
674 1433 884 1488 limosa:
926 1433 1211 1504 nequitiae.

519 1524 610 1579 37.
665 1523 862 1579 Divino
903 1523 1067 1578 etiam
1115 1539 1370 1580 sermone
1407 1525 1682 1590 nutritus,
1722 1533 1778 1578 et
1820 1538 2039 1578 omnem

447 1628 673 1669 sensum
707 1612 945 1683 irrigans
991 1612 1183 1667 nitidis
1231 1622 1287 1668 et
1316 1619 1670 1668 sacrosancte
1701 1613 2041 1667 scatentibus

450 1705 710 1770 ﬂuentis,
777 1704 1011 1760 docebat
1065 1703 1265 1759 habere
1323 1704 1544 1759 oculum
1596 1703 1874 1758 videntem
1921 1717 2041 1756 om-

452 1812 580 1852 nem
615 1797 1028 1862 rectitudinem,
1064 1804 1122 1850 et
1150 1795 1430 1850 declinare
1462 1795 1788 1850 theatralem
1821 1809 2041 1850 omnem

449 1888 897 1954 ostentationem,
935 1901 1060 1941 eum
1113 1876 1445 1952 coercendo,
1503 1903 1575 1942 ne
1621 1889 1768 1942 circa
1823 1901 1913 1940 res
1945 1903 2042 1941 ex-

451 1989 632 2034 ternas
670 1985 982 2046 vagaretur.
1028 1975 1227 2032 Multos
1281 1977 1467 2048 itaque
1505 1992 1570 2032 ex
1602 1976 1669 2032 iis
1693 2016 1707 2042 ,
1741 1978 1836 2046 qui
1883 1986 2042 2031 erant

452 2069 506 2121 in
534 2067 726 2134 sacris,
757 2065 848 2136 qui
884 2081 1154 2136 equorum
1186 2060 1586 2122 certaminibus
1629 2063 1940 2120 mirandum
1982 2065 2038 2119 in

355 2217 360 2221 ,
447 2159 671 2214 modum
723 2151 1171 2226 delectabantur,
1215 2158 1516 2229 repressit,
1576 2164 1632 2212 et
1671 2165 1731 2211 ut
1777 2171 1838 2212 se
1894 2155 2041 2211 domi

449 2251 822 2310 continerent.
875 2265 1000 2305 cum
1049 2251 1168 2306 haec
1211 2249 1430 2314 ﬁerent,
1480 2249 1697 2319 sibique
1739 2258 1794 2302 et
1840 2247 2041 2302 divinis

452 2343 750 2414 Scripturis
770 2343 1132 2407 attenderem,
1157 2342 1443 2398 admonuit
1472 2360 1488 2396 :
1513 2352 1569 2396 et
1599 2349 1660 2396 ut
1688 2340 1890 2396 nullam
1921 2348 2040 2394 tur-

450 2449 578 2504 pem
613 2442 670 2488 et
703 2433 772 2488 ab
803 2433 1097 2487 honestate
1143 2431 1376 2487 alienam
1425 2432 1766 2487 auditionem
1811 2431 2038 2486 omnino

451 2526 843 2592 admitterent;
877 2525 1151 2581 Davidicis
1197 2540 1330 2580 vero
1377 2523 1578 2580 ﬁdibus
1617 2533 1826 2595 portam
1858 2523 2038 2595 aperi-

450 2627 599 2682 rent,
657 2629 714 2672 et
761 2617 828 2672 iis
869 2617 1043 2688 magis
1082 2615 1526 2681 delectarentur,
1584 2625 1646 2671 ut
1683 2631 1805 2686 qua:
1845 2631 2041 2688 graves

450 2721 743 2764 sermones
772 2715 828 2762 et
860 2707 1061 2762 animae
1091 2706 1254 2760 utiles
1277 2706 1654 2770 continerent,
1688 2721 1851 2776 quam
1882 2705 2040 2760 inde-

450 2803 597 2858 coris
636 2811 693 2858 et
734 2801 1046 2857 inhonestis
1095 2801 1366 2866 canticis,
1420 2816 1542 2871 quae
1593 2809 1868 2856 canuntur
1913 2815 2039 2856 cum

452 2897 725 2968 tympanis
755 2905 812 2951 et
841 2894 1010 2960 tibiis,
1049 2897 1342 2966 persuasit.
1383 2894 1614 2950 Omnem
1638 2903 1822 2949 autem
1850 2907 2037 2948 rerum

452 2988 704 3044 suavium
737 2988 1052 3050 odoratum,
1074 2986 1167 3058 qui
1202 2994 1439 3042 mortem
1469 2985 1718 3052 attrahit,
1747 2985 2040 3040 admittere

443 3073 852 3133 'dehortabatur
889 3095 902 3131 :
940 3091 1065 3131 cum
1095 3091 1246 3140 vero,
1281 3075 1376 3146 qui
1411 3077 1776 3130 conservabat
1805 3090 2039 3131 suaveo-

451 3168 681 3228 lentiam
718 3166 1100 3236 apostolicam,
1146 3165 1502 3220 festinantem
1549 3165 1617 3220 ad
1663 3165 1886 3220 odorem
1933 3180 2040 3219 un-

456 3267 786 3331 guentorum
823 3257 1062 3320 Christi,
1117 3256 1354 3311 maxime
1395 3255 1672 3310 attrahere
1709 3255 2040 3310 adhortaba-

459 3363 568 3412 tur,
604 3359 661 3405 et
689 3347 980 3404 vociferari
1019 3347 1150 3402 illud
1204 3362 1444 3418 sponsae,
1500 3346 1647 3418 quod
1700 3347 1774 3401 in'
1811 3345 2043 3401 Cantico

455 3443 798 3497 canticorum
821 3439 888 3493 ad
908 3453 1170 3509 sponsum
1190 3436 1450 3506 praeclare
1471 3436 1686 3490 canitur
1716 3452 1768 3488 ε(
1789 3433 2041 3488 Sauciata

454 3534 725 3591 charitate
756 3549 880 3604 ego,
930 3539 986 3586 et
1021 3544 1238 3585 curram
1279 3529 1348 3584 ad
1381 3529 1606 3584 odorem
1631 3536 2041 3598 unguentorum

457 3639 674 3683 tuorum
717 3623 900 3697 (Cant.
934 3641 972 3690 ι,
1011 3622 1102 3694 5).
1133 3641 1152 3676 ι
1194 3621 1569 3677 Aversabatur
1594 3630 1774 3676 autem
1799 3629 2044 3674 mortuas

450 3731 509 3776 et
540 3718 899 3774 maleolentes
936 3732 1048 3771 non
1099 3730 1247 3770 sana’
1279 3714 1546 3770 doctrina:
1597 3713 1946 3778 abortiones,
1980 3719 2042 3765 ut

453 3825 577 3880 quae
604 3817 794 3864 essent
825 3822 1006 3863 causa:
1048 3805 1394 3862 tetri'odoris
1424 3806 1581 3861 mala:
1611 3804 1908 3875 Opinionis,
1937 3803 2043 3858 hoc

453 3903 600 3958 enim
628 3909 752 3956 ante
777 3900 884 3955 alia
911 3900 1094 3956 omnia
1119 3899 1494 3971 praecipiebat,
1514 3899 1791 3954 declinare
1815 3911 2042 3967 aSpcras

453 3997 572 4050 vias
604 3996 878 4050 haeresum
909 4011 922 4046 :
951 3993 1115 4048 simul
1155 4006 1288 4048 vero
1329 3991 1456 4046 ferri
1481 3991 1618 4047 citra
1643 4003 1886 4045 errorem
1915 4001 2040 4044 cum

449 4087 586 4142 sulci
630 4087 837 4141 axibus
876 4085 1283 4152 ecclesiasticis,
1317 4091 1684 4155 congruenter
1715 4079 1918 4137 divinae
1941 4081 2039 4136 ad-

451 4177 742 4235 monitioni
773 4165 1070 4248 proverbii.
1116 4175 1344 4232 Tactum
1375 4183 1582 4240 autem,
1614 4173 1706 4244 qui
1737 4183 1824 4228 est
1845 4187 2041 4228 neces-

449 4273 596 4330 sario
633 4269 886 4326 minister
915 4279 1128 4342 gustus,
1163 4269 1460 4325 eolubebat
1489 4266 1662 4322 frenis
1695 4265 1832 4336 legis
1873 4265 2040 4336 spiri-

451 4423 572 4462 rum
617 4414 902 4460 consortes
951 4411 1102 4469 sunt,
1137 4403 1424 4458 convictus
1472 4417 1665 4458 eorum
1721 4397 2036 4470 participes,

451 4486 788 4531 secretorum
843 4474 1085 4540 conscii;
1137 4474 1402 4528 individui
1453 4473 1506 4528 in
1563 4475 1731 4528 rebus
1776 4470 2037 4524 omnibus

451 4547 612 4611 socii,
650 4547 950 4601 directores
1001 4552 1056 4598 et
1103 4545 1421 4608 consiliarii,
1469 4543 1660 4597 κελλία
1693 4541 1860 4596 etiam
1901 4553 2036 4594 con-

450 4618 626 4671 ilaVia
663 4616 1046 4685 episcoporum
1082 4615 1430 4676 dicebautur,
1457 4614 1578 4685 imo
1623 4623 1704 4685 iet
1737 4613 2040 4685 imperato-

449 4703 595 4742 rum.
621 4679 868 4756 Ita'a-pud
903 4685 1196 4748 Codinum,
1221 4697 1344 4754 cap.
1375 4686 1409 4740 5
1445 4684 1518 4756 De
1551 4684 1735 4756 officiis
1767 4679 2035 4756 Qapstan:

451 4749 846 4828 tiaepolitauis,
889 4772 1042 4828 num,
1079 4757 1170 4822 50,
1196 4827 1199 4828 ν
1221 4749 1336 4828 11ρὸ
1391 4755 1485 4828 rei
1528 4749 1619 4808 est:
1649 4751 1904 4828 immitia
1941 4749 2037 4802 τοῦ

450 4821 662 4884 miliae
689 4821 856 4880 αὐτοῦ
893 4821 1210 4898 ἐξελθεῖν,λὸ
1229 4821 1760 4898 Προτοϐεστιαρίῒης
1783 4821 2040 4892 εὑρίσκε-

447 4915 540 4952 ται
584 4902 642 4953 ὲν
685 4898 764 4968 τῷ
811 4898 1117 4968 τρικᾉινίῳ.
1160 4897 1482 4968 Priusquam
1513 4897 1804 4968 imperator
1836 4907 1904 4946 ex
1939 4907 2040 4943 suo

451 4971 687 5025 conclavi
715 4971 890 5030 eaieat,
935 4967 1398 5022 Pratorestiurites
1425 4969 1480 5020 in
1509 4967 1740 5020 triclinio
1776 4971 2036 5016 versatur.

453 5039 606 5110 Saepe
642 5040 865 5111 syncclli
897 5039 1080 5111 plures
1101 5049 1258 5111 erant
1288 5057 1302 5091 :
1335 5039 1478 5111 quod
1510 5037 1676 5092 etiam
1709 5047 1908 5111 nomen
1937 5046 2039 5111 an-

451 5103 816 5181 cupabantur,
867 5103 970 5182 etsi
1026 5111 1080 5164 in
1132 5103 1476 5163 Patriari-bio
1530 5125 1641 5162 non
1708 5103 2038 5182 habitarent,

453 5173 615 5236 modo
671 5173 1104 5254 patriarcbatum
1159 5189 1496 5254 expeterent,
1551 5186 1646 5254 aut
1701 5175 1886 5229 sedem
1941 5173 2041 5254 ali:

449 5267 616 5322 quam
653 5241 1129 5318 metrOpolitanam
1151 5269 1177 5322 7:7
1203 5241 1274 5304 ita
1294 5241 1587 5322 Romanus
1617 5250 1862 5322 Argyrus
1893 5241 2036 5311 apud

446 5323 764 5376 {ierit-cuum
822 5329 932 5373 trcs
979 5321 1251 5390 syncellos
1285 5321 1411 5375 fecit
1446 5321 1825 5388 metropolitas
1855 5327 1869 5390 ξ
1909 5327 2036 5390 cum

450 5393 650 5460 quibus
695 5393 764 5444 de
794 5384 1076 5458 superiore
1110 5393 1231 5446 loco
1282 5391 1602 5461 occupando
1631 5384 2042 5461 contendebant

453 5459 706 5532 syncelli.
749 5461 822 5513 De
847 5463 926 5532 eis
955 5463 1105 5530 plura
1133 5463 1234 5532 legi
1280 5459 1510 5532 possunt
1547 5459 2038 5532 apudWGretserutn

449 5525 510 5586 ei.
535 5531 785 5606 quorum
804 5532 856 5583 in
883 5525 1562 5606 _N-o'ta_tiouii7ns'ad__capn_t
1583 5525 1904 5606 :1_0_CO(!_lﬂi.
1952 5593 1964 5606 .

526 5602 642 5671 (6|)
667 5601 894 5655 Michael
926 5602 978 5653 in
1019 5601 1136 5655 Vita
1161 5607 1333 5656 sancti
1367 5598 1626 5656 The—odori
1658 5598 1888 5671 Studin
1918 5598 1992 5648 ait
2023 5609 2036 5644 :

456 5691 476 5726 ο
510 5670 799 5726 Taraaium
833 5687 940 5725 non
989 5673 1246 5727 habuisse
1281 5683 1394 5726 tum
1446 5670 1748 5726 ulciscendi
1787 5675 2040 5721 auctores

453 5745 793 5818 facultatem,
847 5748 1109 5818 temporis
1137 5744 1356 5818 injuria,
1391 5756 1512 5814 quia:
1544 5743 1704 5818 vellet
1737 5752 1898 5808 agerc
1931 5751 2038 5818 ttpr

455 5815 806 5888 permittente
833 5829 846 5866 :
881 5805 990 5866 imo
1014 5805 1270 5888 debuisse
1295 5805 1361 5868 de
1385 5805 1604 5888 suntme
1631 5813 1756 5882 jure
1776 5805 2040 5888 “nonnihil

456 5885 736 5938 remittere
757 5925 771 5942 ,
807 5885 1368 5949 vesano'itnperatore
1401 5887 1641 5938 minante
1670 5901 1729 5935 se
1764 5885 2038 5950 majorum

455 5955 711 6018 exemplo
761 5967 1040 6006 sacrarum
1101 5947 1399 6023 imaginum
1458 5956 1668 6006 hustem
1742 5947 1892 6012 fore,
1933 5947 2039 6000 nisi

464 6026 607 6073 ’1-11111
657 6023 841 6092 animo
891 6034 1258 6088 conrepa-rat,
1323 6038 1582 6092 peragere
1634 6023 1908 6092 sineretur
1940 6033 1961 6092 :_
1987 6026 2041 6069 et

582 6096 590 6121 '
638 6104 694 6143 tr
724 6090 938 6160 sapiens
957 6092 1268 6156 consilium,
1287 6088 1339 6146 et
1371 6088 1478 6146 alta
1499 6102 1695 6154 mente,
1717 6090 1890 6158 qua'is
1916 6088 2038 6155 ςὶιιε

2075 1955 2116 2011 ll

2069 3297 2114 3358 C

2071 4722 2114 4776 D

2136 703 2290 758 cibos
2351 703 2641 770 salutares,
2703 712 2759 760 et
2819 710 3150 774 perpetuum
3204 703 3422 760 animae
3456 702 3728 774 pra-heret

2137 795 2358 866 epulum
2397 811 2501 850 :ex
2531 809 2642 866 quo
2669 795 2890 851 accedit
2909 810 3260 868 concoquens
3290 797 3608 852 distributio
3630 812 3728 852 eo-

2138 902 2260 940 rum
2285 927 2301 952 ,
2361 901 2482 964 quae
2536 889 2684 942 intro
2739 895 3108 960 aggregantur
3146 887 3581 944 immaterialiter
3617 905 3632 942 :
3673 897 3730 944 ct

2137 978 2452 1032 excernitur
2503 977 2687 1034 omnis
2739 978 3094 1048 superﬂuitas
3146 980 3304 1035 mala:
3356 980 3723 1041 habitudinis.

2137 1084 2260 1140 qua:
2289 1070 2542 1126 dissolvit
2575 1071 2757 1127 locum
2793 1071 3014 1128 animae.

2210 1161 2300 1215 58.
2337 1161 2442 1216 Sed
2473 1162 2599 1230 quis
2632 1161 2688 1216 in
2719 1162 2806 1218 his
2845 1171 2952 1218 tam
2992 1178 3052 1218 se
3079 1173 3228 1218 recte
3259 1163 3446 1236 gessit,
3482 1171 3577 1219 aut
3608 1177 3726 1220 rne-

2139 1248 2246 1304 lius
2282 1251 2570 1322 castigavit
2613 1267 2805 1308 eorum
2845 1254 3260 1325 repugnantias,
3295 1269 3458 1325 quam
3491 1269 3626 1324 pura
3673 1262 3730 1308 et

2139 1344 2445 1398 reverenda
2484 1343 2695 1399 Tarasii
2727 1346 3101 1402 conscientia?
3137 1346 3270 1413 Quis
3308 1361 3374 1402 eo
3422 1347 3479 1401 in
3524 1345 3728 1401 divinis

2142 1431 2250 1488 fuit
2284 1433 2632 1504 frequentius
2679 1437 3020 1506 occupatus?
3061 1435 3346 1508 Nunquam
3377 1435 3525 1492 enim
3579 1435 3731 1492 dedit

2141 1525 2314 1578 otium
2347 1525 2594 1592 auribus,
2627 1528 2846 1596 quando
2869 1529 3097 1584 vorabat
3123 1539 3340 1600 tempus
3357 1527 3687 1598 precationis
3711 1545 3728 1582 :

2144 1616 2238 1669 sed
2294 1615 2412 1686 ipse
2451 1632 2674 1688 semper
2725 1633 2824 1673 sua
2884 1629 3085 1688 sponte
3135 1626 3388 1691 prompte
3437 1619 3727 1684 accedens,

2144 1707 2258 1763 Deo
2292 1709 2514 1764 abunde
2553 1710 2820 1766 offerebat
2849 1713 3123 1782 primitias
3153 1713 3464 1768 divinorum
3499 1713 3732 1784 hymno-

2145 1815 2290 1863 rum,
2324 1809 2585 1871 tanquam
2627 1801 2907 1858 fructuum
2935 1805 3242 1860 oblationes
3271 1823 3285 1859 :
3317 1811 3374 1858 et
3394 1816 3573 1874 neque
3601 1815 3730 1858 cum

2147 1894 2458 1948 retardabat
2491 1903 2585 1948 aut
2613 1895 2926 1951 cmolliebat
2949 1885 3222 1963 socordia,
3263 1911 3367 1951 nec
3389 1909 3733 1966 qua-cunque

2122 1980 2470 2039 accessisset
2500 1985 2799 2040 multitudo
2837 2002 3094 2042 curarum
3119 1988 3484 2058 publicarum,
3517 1987 3732 2041 abstra-

2145 2073 2382 2129 hebatur
2419 2091 2449 2130 a
2493 2077 2748 2146 precibus
2783 2095 2796 2132 :
2829 2078 2926 2133 sed
2967 2093 3090 2134 cum
3147 2095 3250 2134 suo
3290 2089 3536 2151 tempore
3583 2090 3732 2130 nuu-

2143 2181 2306 2237 quam
2337 2168 2554 2225 deesset
2578 2170 2854 2241 precibus,
2892 2185 3076 2226 rerum
3119 2180 3469 2226 externarum
3513 2169 3730 2224 turbam

2143 2260 2497 2331 suscipiebat.
2540 2263 2632 2318 Sic
2679 2264 2734 2318 in
2783 2264 2988 2320 divinis
3037 2264 3314 2336 mysteriis
3363 2262 3637 2328 initiatus,
3675 2271 3732 2316 et

2143 2349 2222 2406 sic
2272 2353 2501 2420 pulchre
2550 2367 2705 2408 sacra
2771 2367 3039 2426 peragens
3095 2353 3387 2426 mysteria,
3440 2353 3525 2407 vir
3583 2365 3730 2405 unus

2141 2441 2498 2512 cognoscitur
2529 2458 2594 2498 ex
2627 2443 2714 2512 iis,
2757 2445 2850 2514 qui
2883 2453 3008 2516 post
3041 2445 3294 2516 gratiam,
3339 2453 3396 2499 ct
3418 2459 3482 2499 ex
3510 2443 3598 2506 iis,
3633 2443 3730 2513 qui

2141 2533 2196 2587 in
2232 2534 2401 2605 gratia
2433 2544 2490 2590 et
2515 2544 2644 2592 ante
2673 2535 2915 2608 gr'atiam‘
2937 2535 3272 2592 refulserunt
3302 2536 3354 2590 in
3387 2534 3654 2592 Ecclesia.

2743 2629 2970 2728 carm
3028 2671 3120 2728 ιχ.

2143 2806 2496 2878 Comparatio‘
2545 2809 2718 2862 sancti
2776 2805 2989 2863 Tarasii
3063 2825 3181 2863 cum
3242 2805 3617 2876 confessoribus
3676 2817 3730 2864 et

2212 2878 2558 2950 martyribus.
2605 2879 2818 2934 Utilitas
2863 2895 3143 2934 sacrarum
3187 2882 3498 2950 imaginum,
3544 2889 3730 2935 contra

2215 2945 2592 3013 Iconoclastas.

2213 3061 2303 3116 39.
2326 3062 2395 3116 Et
2413 3070 2474 3116 ut
2495 3061 2658 3116 nobis
2675 3072 2824 3118 certa
2849 3063 2933 3120 via
2953 3073 3008 3118 et
3027 3063 3236 3120 ratione
3252 3065 3512 3136 procedat
3531 3065 3730 3131 oratio.

2142 3165 2198 3210 ct
2222 3154 2408 3226 regula
2434 3155 2742 3210 collationis
2765 3159 3030 3226 procedat
3059 3157 3433 3222 immobiliter,
3452 3174 3484 3215 e
3500 3161 3733 3233 vestigio

2144 3247 2396 3303 ordinem
2439 3249 2674 3320 accipiat
2717 3251 3077 3319 comparatio.
3133 3249 3348 3305 Etenim
3387 3267 3501 3318 eos,
3528 3245 3642 3324 qui
3673 3255 3731 3310 in

2146 3341 2436 3396 sanctitate
2463 3349 2520 3396 et
2547 3343 2762 3397 actione
2783 3351 2838 3397 et
2857 3342 3326 3413 contemplatione
3351 3344 3585 3414 pulchre
3601 3355 3739 3400 sum

2145 3433 2386 3497 educati,
2423 3443 2476 3489 et
2519 3433 2614 3504 qui
2652 3444 2816 3514 terant
2850 3436 3242 3506 propemodum
3274 3437 3456 3492 carnis
3480 3447 3736 3508 expertes

2145 3534 2202 3581 et
2227 3526 2511 3596 sanguinis
2537 3526 2676 3581 nihil
2705 3527 2940 3598 amplius
2955 3528 3135 3598 ‘quam
3167 3543 3227 3584 se
3260 3529 3461 3584 habere
3495 3529 3730 3594 sinebat,

2143 3618 2248 3673 nisi
2275 3620 2421 3688 quod
2455 3633 2702 3691 seorsum
2741 3619 2794 3674 in
2835 3634 2932 3690 spe
2975 3620 3316 3688 habitarunt,
3367 3629 3424 3676 et
3449 3621 3504 3676 in
3532 3622 3730 3676 solitu-

2143 3707 2272 3762 dine
2300 3715 2356 3762 et
2387 3709 2533 3762 solos
2575 3707 2783 3778 seipsos
2837 3723 3176 3764 exercuere:
3221 3721 3316 3764 aut
3352 3710 3498 3780 quod
3523 3724 3734 3784 cogno-

2143 3807 2368 3856 scantur
2423 3799 2587 3854 etiam
2632 3815 2884 3855 servasse
2941 3801 3270 3870 pauciores:
3301 3803 3512 3872 reliqua
3543 3813 3732 3859 autem

2143 3891 2362 3946 virtutis
2400 3891 2700 3962 privilegia,
2742 3892 2937 3961 partim
2981 3892 3204 3962 quidem
3243 3893 3312 3948 ab
3354 3895 3434 3950 eis
3476 3904 3608 3950 sunt
3632 3910 3733 3950 ne-

2141 3988 2338 4060 glecta,
2375 3987 2573 4057 partim
2601 4003 2728 4043 vero
2762 3988 2921 4058 longe
2950 3987 3018 4042 ab
3053 3987 3136 4042 eis
3171 3987 3491 4044 abfuerunt.
3534 3989 3733 4060 Marty-

2142 4097 2262 4136 rum
2299 4088 2480 4136 autem
2515 4080 2770 4134 eximiam
2799 4087 2856 4134 et
2897 4078 3385 4149 incomparabilem
3449 4078 3733 4134 fortitudi-

2141 4188 2290 4238 nem,
2355 4181 2411 4226 et
2438 4172 2910 4244 generosissimam
2947 4171 3298 4243 phalangem,
3339 4187 3463 4244 quas
3505 4172 3572 4227 ad
3598 4187 3732 4226 san-

2141 4265 2364 4338 guinem
2402 4277 2576 4336 usque
2617 4265 2822 4321 restitit
2866 4273 3110 4336 peccato,
3159 4279 3500 4336 corporaque
3527 4275 3583 4320 et
3609 4265 3732 4320 ani-

2142 4402 2264 4468 l‘nit,
2282 4401 2532 4470 dignum.
2561 4423 2578 4455 ι
2601 4401 2806 4459 Verum
2842 4411 3066 4458 sanctus
3093 4400 3253 4457 Plato
3272 4400 3602 4457 Sacudionis
3631 4400 3734 4458 ab-

2142 4475 2240 4546 bas
2272 4474 2415 4546 apud
2447 4473 2862 4546 TheOphanem,
2896 4473 3132 4546 abscidit
3171 4487 3231 4528 se
3268 4487 3297 4526 a
3329 4473 3733 4546 communione

2141 4543 2356 4598 'l'arasii
2387 4543 2714 4613 patriarch
2737 4586 2752 4605 ,
2787 4545 2946 4614 quod
2966 4543 3350 4614 imperatorem
3381 4543 3450 4614 in_
3477 4557 3731 4614 commu-

2143 4615 2363 4668 nionem
2388 4610 2720 4683 recepisset.
2767 4610 3015 4677 ι’Τυηο.
3047 4610 3128 4668 “ιιι
3171 4613 3366 4668 scribit
3416 4610 3726 4683 Baronius,

2144 4699 2298 4738 num.
2323 4683 2414 4750 46,
2457 4704 2475 4736 ι
2513 4681 2696 4754 gravis
2727 4685 2978 4755 angustia
3025 4684 3310 4755 premebat
3340 4681 3586 4755 animum
3631 4697 3728 4755 pa.-

2145 4756 2420 4816 triarcbaa,
2478 4752 2602 4811 cum
2647 4752 2930 4810 vererctur
2977 4753 3143 4808 nimis
3191 4753 3572 4821 exasperando
3609 4752 3730 4806 ani-

2144 4841 2294 4880 mum
2330 4825 2704 4894 imperatoris,
2747 4833 2802 4880 et
2831 4825 2900 4880 ab
2935 4821 3181 4880 Ecclesia
3213 4823 3570 4894 removendo,
3599 4837 3727 4894 eum

2146 4895 2350 4950 faceret
2380 4891 2504 4952 tidei
2549 4895 2834 4952 catholicae
2857 4895 3190 4957 desertorem
3227 4909 3242 4944 :
3275 4893 3458 4947 adhuc
3489 4891 3731 4946 recentia

2145 4967 2404 5022 Ecclesiae
2437 4966 2684 5034 vulnera,
2715 4975 2768 5021 et
2809 4967 2896 5020 vix
2930 4966 3166 5020 obducta
3197 4971 3356 5018 erant
3401 4977 3499 5032 per
3539 4961 3732 5034 conci-

2144 5038 2278 5092 lium
2310 5039 2430 5106 ejus
2461 5052 2626 5106 opera
2655 5032 2990 5092 celebratum
3023 5035 3216 5106 Merere
3240 5035 3504 5106 adversus
3538 5032 3734 5106 Iceno-

2144 5104 2349 5164 clastas
2377 5125 2388 5160 :
2433 5104 2614 5180 adhuc
2639 5107 3114 5180 vigebantibostes
3141 5104 3434 5180 Ecclesiae:
3462 5112 3581 5180 erat
3613 5104 3732 5180 ipse

2145 5180 2466 5234 adolescens
2510 5173 2721 5234 animo'
2749 5177 2970 5233 mobilis
3015 5185 3068 5231 ct
3101 5175 3392 5239 instabilis,
3428 5181 3484 5227 et
3511 5173 3731 5227 haereti-

2143 5263 2335 5304 corum
2390 5261 2678 5318 parentum
2717 5249 2859 5303 mala
2909 5261 3172 5318 propago,
3229 5243 3630 5318 perfacilisque
3667 5251 3728 5296 ut

2147 5320 2252 5374 levi
2291 5312 2426 5374 ﬂatu
2463 5320 2516 5374 in
2570 5322 2820 5374 haeresim
2855 5312 3108 5388 praeceps
3142 5312 3564 5388 impelleretur:
3591 5312 3728 5376 haec,

2145 5390 2392 5458 inquam,
2423 5398 2477 5444 ct
2507 5391 2613 5445 alia
2649 5385 2965 5458 ltujusrnodi
3009 5385 3468 5458 mentisconsilio
3496 5397 3728 5438 versam

2149 5456 2432 5521 Tarasius.
2473 5462 2556 5516 sic
2594 5456 2781 5515 errore
2826 5461 3156 5530 redarguere
3207 5456 3389 5530 voluit
3431 5457 3728 5523 imperato-

2144 5547 2284 5594 rem,
2323 5541 2382 5584 ut
2417 5541 2599 5585 tamen
2635 5546 2798 5596 eum,
2853 5525 3091 5582 licet'ca
3133 5541 3302 5650 ruina
3338 5525 3584 5595 dignum,
3627 5537 3734 5602 no:-

2146 5601 2309 5650 luerit
2343 5603 2412 5650 ab
2441 5601 2682 5650 Ecclesia
2735 5615 3010 5650 separare.
3052 5617 3071 5650 ι
3155 5596 3258 5650 lace
3299 5595 3591 5650 Baronius.
3635 5607 3730 5650 ml!

2145 5601 2309 5656 luerit
2343 5603 2412 5655 ab
2441 5601 2682 5656 Ecclesia
2735 5595 3010 5670 separare.
3052 5617 3071 5670 r
3133 5595 3730 5670 HaecBaronius._‘l"i

2145 5687 2244 5740 per
2277 5673 2562 5726 luereticos
2592 5661 2844 5742 parentes
2893 5661 3000 5724 non
3053 5668 3560 5742 intelligitmatrem
3609 5661 3727 5742 lie-

2146 5729 2293 5807 nem,
2331 5747 2423 5798 sed
2458 5729 2691 5811 patrem,
2723 5756 2907 5804 avum,
2951 5729 3260 5811 proavum:
3304 5733 3482 5806 Atque
3513 5735 3586 5811 ita
3624 5729 3735 5810 Ta-

2146 5805 2346 5873 rasius,
2388 5805 2525 5870 teste
2555 5805 2747 5868 saneto
2779 5805 3064 5865 Theodoro
3096 5808 3332 5872 Studita,
3367 5805 3488 5876 post
3517 5805 3732 5857 olntnm

2147 5885 2501 5951 itiipi-ratoris
2532 5900 2594 5939 se
2623 5884 2764 5954 apud
2785 5883 3068 5954 Platonem
3097 5878 3369 5951 purgans,
3389 5891 3513 5930 cum
3553 5884 3734 5954 c_o_est

2145 5943 2536 6027 contmuuione
2570 5943 2921 6027 coniunctus,
2976 5943 3245 6027 Cultjuttfr
3296 5955 3523 6027 δεξεμ-ξμς
3573 5943 3731 5998 Plato

2147 6026 2180 6078 4
2215 6027 2434 6094 Aprilis,
2476 6015 2699 6080 sanctus
2731 6023 3054 6077 Titz'odorus
3084 6020 3297 6075 Stuilita
3337 6018 3396 6072 η
3429 6015 3724 6070 Novembr.
