4026 6382
249 429 374 498 1413

1784 427 1985 490 νΙΤΑ.

3364 439 3506 508 illi

237 561 348 604 mas
379 551 600 616 propter
627 539 634 546 ’
659 540 831 597 Deum
867 539 1146 612 prodegit,
1181 553 1292 595 non
1343 538 1413 596 ad
1455 537 1694 594 tribunal
1744 552 1804 594 se
1836 545 1880 601 Α
1911 539 2038 594 tur?
2069 539 2205 609 Quis
2237 557 2362 598 cum
2387 543 2599 611 videns,
2633 546 2721 600 cui
2770 557 2932 619 caput
2968 549 3248 622 tyrannica
3274 566 3500 626 propter

236 639 422 700 sistens
447 633 805 707 tyrannicum,
837 631 891 688 in
919 631 1267 702 stadiumque
1291 639 1348 686 et
1369 645 1594 686 arenam
1617 631 1807 685 decer-

239 736 440 784 taturus
482 725 742 797 prodiens
777 730 861 779 est
903 723 1165 786 imitatus,
1203 731 1260 776 et
1300 721 1477 777 erexit
1499 722 1804 792 trophmum

236 815 498 872 veritatis:
527 813 624 869 sed
653 827 768 878 eos,
802 810 896 882 qui
927 809 1046 866 bzec
1074 816 1130 864 et
1162 808 1249 864 his
1292 810 1499 879 majora
1528 807 1806 864 sustinue-

237 915 375 972 runt,
418 904 763 970 desiderans,
794 909 850 958 et
897 901 1050 956 miris
1105 900 1375 956 extollens
1416 897 1695 966 laudibus,
1749 906 1806 952 et

231 1011 494 1055 coronans
510 996 676 1052 veluti
705 996 1034 1067 quibusdam
1061 980 1343 1050 victoriam
1369 991 1804 1064 signiﬁcantibus

233 1090 512 1146 verborum
559 1088 1000 1154 diadematibus,
1064 1094 1118 1141 et
1165 1099 1356 1140 eorum
1411 1085 1678 1138 salutares
1735 1083 1802 1137 ad

229 1181 392 1237 Deum
437 1194 704 1236 reverens
744 1179 1194 1243 intercessiones,
1227 1182 1284 1231 et
1323 1190 1524 1231 vocans
1552 1175 1624 1230 ad
1649 1173 1804 1229 auxi-

228 1274 352 1329 llum
379 1283 622 1344 paratam
655 1273 987 1343 scripturam
1017 1281 1076 1328 et
1121 1272 1344 1337 librum,
1387 1286 1450 1326 se
1475 1285 1572 1324 sua
1606 1277 1802 1338 sponte

226 1363 546 1422 oferentem
577 1364 637 1418 in
665 1363 839 1420 sacris
873 1361 1116 1432 templis,
1146 1361 1452 1417 honoriﬁce
1483 1359 1550 1415 de
1577 1357 1802 1429 scriptis

226 1469 407 1511 eorum
453 1453 873 1518 certaminibus,
915 1451 1137 1522 posuit:
1176 1459 1237 1507 ut
1272 1451 1360 1518 iis,
1407 1449 1498 1521 qui
1528 1449 1800 1515 viderent,

225 1547 453 1618 aperiret
479 1545 750 1602 vestibula
787 1545 1250 1616 compunctionis,
1294 1552 1348 1598 et
1377 1543 1613 1598 athletas
1642 1542 1800 1598 indu-

223 1646 382 1703 ceret,
413 1652 607 1694 eorum
639 1637 758 1692 zelo
792 1651 1074 1705 accensos,
1106 1645 1168 1692 ut
1205 1635 1462 1700 similem,
1495 1633 1541 1690 si
1583 1641 1798 1702 tempus

224 1737 464 1794 vocaret,
510 1729 730 1785 beatam
794 1729 1104 1799 arriperent
1165 1727 1619 1784 decertationem.
1687 1723 1799 1780 Res

221 1817 362 1872 enim
393 1818 668 1888 ejusmodi
713 1819 816 1875 scit
857 1819 1151 1874 conciliare
1191 1818 1406 1881 oculus,
1455 1817 1548 1888 qui
1584 1824 1669 1870 est
1695 1816 1796 1870 bo-

1908 629 2190 689 Christum
2241 635 2346 691 fuit
2383 648 2725 708 amputatum
2757 644 3050 710 sententia,
3087 653 3144 700 et
3182 647 3277 716 qui
3335 661 3500 706 omne

1908 739 2082 795 genus
2139 726 2394 783 ﬂuctibus
2443 744 2690 785 seorsum
2749 731 2926 787 fertur
2973 749 3009 799 a_
3036 735 3244 807 reliqua
3307 741 3498 808 cymba

1907 818 2174 887 corporis,
2202 828 2258 874 et
2279 829 2416 877 nutu
2449 821 2618 877 divini
2651 825 2838 880 auxilii
2866 841 2930 880 ea
2963 827 3116 882 unita
3137 837 3194 882 et
3212 845 3313 899 per
3342 845 3496 887 mare

1907 913 2166 976 tanquam
2225 925 2322 978 per
2376 911 2586 965 aridam
2647 923 2799 968 recto
2853 915 3053 971 itinere
3104 919 3497 989 ingredientia,

1905 997 2118 1053 etiamsi
2171 999 2374 1056 duritie
2427 1019 2524 1056 cor
2575 1005 2773 1059 habeat
2825 1005 3124 1072 fluctuans,
3171 1025 3280 1064 non
3309 1013 3494 1067 statim

1905 1089 2056 1142 venit
2084 1089 2149 1142 ad
2183 1099 2396 1159 portum
2429 1094 2834 1163 tranquillitatis
2863 1097 3168 1166 spiritalis?
3187 1099 3320 1166 Quis
3343 1116 3494 1165 eum,

1904 1179 2064 1248 cujus
2128 1197 2341 1251 ungues
2399 1185 2760 1240 arundinibus
2817 1190 2992 1244 acutis
3039 1191 3408 1260 perforantur,
3440 1199 3498 1247 et

1901 1269 1994 1339 qui
2030 1269 2084 1323 in
2131 1271 2462 1327 bullieutem-
2499 1273 2635 1343 picis
2667 1276 2898 1332 lebetem
2941 1294 3186 1350 praeceps
3214 1283 3496 1353 immergi-

1904 1371 1994 1416 tur
2015 1370 2071 1418 et
2095 1379 2285 1419 rursus
2335 1369 2590 1432 emergit,
2623 1375 2678 1421 et
2707 1368 2884 1438 gladio
2928 1369 3202 1425 hostiliter
3229 1359 3496 1428 consum-

1903 1463 2102 1520 matur,
2146 1456 2442 1527 aspiciens,
2491 1472 2600 1511 non
2631 1473 2832 1512 manus
2859 1460 2928 1514 ad
2966 1459 3134 1514 Deum
3163 1462 3401 1529 sustulit,
3437 1472 3497 1518 et

1901 1561 2013 1601 non
2037 1548 2244 1618 optavit
2285 1550 2486 1605 deinde
2517 1551 2678 1606 talem
2715 1553 2955 1622 experiri
2979 1555 3282 1609 cruciatum
3307 1556 3330 1610 ?
3355 1555 3493 1623 Quis

1900 1652 2016 1704 eos,
2041 1638 2132 1708 qui
2168 1640 2294 1711 gelu
2333 1641 2563 1696 hiberno
2607 1651 2662 1697 et
2705 1643 2849 1699 aeris
2881 1645 3068 1715 algore
3101 1655 3488 1712 concrescunt,

1899 1738 1954 1782 et
1983 1729 2114 1784 nudi
2147 1733 2452 1798 decertant,
2481 1739 2687 1788 attente
2709 1733 3068 1789 considerans
3101 1751 3116 1800 ;
3155 1743 3211 1790 et
3237 1736 3331 1806 qui
3361 1751 3490 1790 cru-
3573 1778 3576 1782 .

1901 1835 2021 1876 rum
2057 1821 2331 1876 sustinent
2360 1821 2676 1886 fractiones,
2703 1831 2758 1878 et
2786 1839 2908 1879 cum
2934 1825 3194 1880 ardentes
3219 1827 3494 1883 carbones

221 1923 344 1964 num
391 1919 779 1980 argumentum
813 1921 1164 1976 consecutus,
1213 1919 1272 1966 et
1307 1909 1556 1965 auditum
1591 1923 1795 1978 prtece-
1828 1911 1871 1970 Β
1899 1920 2109 1967 natura:
2133 1913 2331 1968 robore
2361 1913 2672 1983 effugerint,
2705 1915 2760 1968 in
2793 1915 3082 1970 ﬂuviorum
3116 1916 3322 1971 ﬂuenta
3354 1919 3489 1972 mito

221 1997 361 2053 dere.
425 1996 548 2070 Ipse
585 2000 732 2056 enim
779 2001 1083 2056 secundum
1129 2001 1398 2056 honorem
1445 2009 1564 2070 post
1616 1998 1794 2054 visum

219 2098 298 2147 est
344 2091 614 2162 adeptus,
670 2100 727 2149 et
771 2108 901 2149 eum
955 2094 1146 2150 oculus
1187 2093 1395 2164 absque
1451 2093 1794 2164 expositione

1898 2013 2087 2059 tuntur
2109 2021 2298 2060 eorum
2334 2005 2594 2076 reliquus,
2636 2021 2745 2061 non
2786 2006 3117 2062 desideravit
3158 2023 3254 2063 eos
3285 2006 3486 2065 habere

1895 2105 2177 2165 patronos,
2228 2103 2284 2152 et
2315 2096 2574 2166 precibus
2625 2098 2911 2152 attrahere
2962 2114 3152 2158 eorum
3215 2115 3398 2155 acrem
3430 2109 3488 2157 et

219 2197 420 2248 eorum,
446 2199 572 2254 quae
599 2193 730 2240 sunt
777 2185 1047 2258 subjecta,
1079 2185 1277 2257 ﬁguras
1299 2183 1536 2256 accipiat
1563 2183 1793 2238 eriden-
1893 2187 2110 2259 dignam
2146 2188 2566 2250 defensionem?

219 2282 316 2340 tes,
363 2277 598 2332 auditus
641 2292 858 2349 semper
905 2277 1208 2334 secundum
1266 2277 1450 2334 locum
1502 2285 1674 2342 tenet,
1733 2283 1796 2332 ut

217 2367 342 2423 dixit
363 2368 585 2439 quidam
617 2370 864 2440 sapiens.

281 2458 368 2514 ιο.
405 2458 544 2526 Quis
583 2459 730 2516 enim
762 2461 1039 2518 coici-ibus
1068 2477 1388 2534 expressum
1421 2461 1616 2518 videns
1641 2475 1792 2527 eum,

217 2547 300 2618 qui
342 2547 607 2616 dwertat,
645 2557 704 2604 et
733 2551 911 2623 ignem
951 2550 1369 2623 despicientem,
1417 2559 1470 2606 et
1499 2551 1648 2606 nube
1697 2549 1796 2604 fla-

217 2639 468 2712 gellorum
515 2641 942 2711 circumdatum,
995 2654 1052 2700 et
1101 2645 1157 2700 in
1206 2645 1294 2702 his
1332 2644 1580 2702 Creatori
1622 2642 1796 2700 conﬁ-

217 2729 402 2784 denter
461 2731 720 2802 spiritum
774 2734 1140 2800 emittentem,
1177 2751 1290 2791 non
1332 2735 1523 2792 calidis
1552 2735 1792 2791 circum-

219 2821 454 2878 tunditur
497 2823 774 2896 lacrymis,
825 2834 886 2882 et
930 2827 1183 2898 suspiriis
1221 2843 1286 2883 ac
1315 2829 1609 2900 gemitibus
1639 2843 1794 2885 eom-

219 2915 510 2989 pungitur?
540 2914 676 2983 Quis
699 2931 850 2983 eum,
879 2920 974 2990 qui
1009 2935 1070 2975 se
1097 2919 1247 2976 exuit
1271 2921 1337 2976 ad
1365 2921 1550 2993 gravia
1583 2915 1796 2977 crucia-

219 3019 366 3062 tuum
401 3017 460 3064 et
502 3008 901 3080 suppliciorum
951 3026 1176 3082 genera,
1221 3021 1275 3068 et
1305 3020 1586 3082 postremo
1615 3022 1796 3068 tortus

219 3093 331 3164 fuit,
379 3100 678 3172 aspiciens,
723 3117 834 3157 non
867 3104 1049 3159 cordis
1078 3103 1406 3160 contritione
1432 3112 1626 3176 pectus
1668 3115 1796 3162 tun-

216 3188 346 3248 dens
373 3193 627 3250 recedit?
655 3193 789 3262 Quis
823 3211 950 3252 eum
977 3197 1188 3265 videns,
1231 3199 1322 3268 qui
1354 3213 1453 3268 pro
1479 3197 1700 3254 Christo
1735 3213 1794 3254 se

1962 2279 2054 2334 41.
2093 2278 2220 2335 Haec
2244 2291 2426 2336 autem
2455 2280 2656 2336 videris
2689 2279 2802 2335 ﬁeri
2842 2295 2954 2335 non
2980 2281 3156 2337 solum
3186 2281 3239 2336 in
3267 2298 3488 2338 mascu—

1891 2369 1978 2432 lis.
2031 2373 2125 2426 sed
2167 2371 2332 2426 etiam
2381 2372 2436 2426 in
2493 2371 2736 2436 feminis,
2789 2388 2910 2442 quae
2943 2373 3164 2442 paribus
3201 2373 3490 2432 decertant

1895 2463 2314 2530 certaminibus,
2351 2473 2408 2518 et
2453 2464 2812 2535 equuleorum
2851 2471 2910 2518 et
2945 2475 3188 2520 rmarum
3238 2474 3293 2518 et
3317 2473 3484 2524 ciete-

1894 2571 2083 2611 rorum
2109 2564 2511 2612 tormentorum
2537 2557 2748 2612 nullam
2777 2556 2990 2613 ducunt
3028 2558 3317 2614 rationem.
3350 2557 3488 2626 Quis

1894 2645 2042 2702 enim
2091 2646 2208 2703 hate
2257 2645 2377 2702 ﬁeri
2423 2647 2702 2718 aspiciens
2733 2647 2788 2702 in
2823 2647 3148 2704 mollissima
3175 2659 3394 2715 natura,
3439 2652 3489 2706 si

1895 2737 2064 2794 veluti
2092 2739 2304 2794 litteras
2330 2739 2640 2804 attendens,
2669 2739 2816 2810 legat
2847 2740 3082 2806 colores,
3133 2755 3246 2795 non
3288 2742 3486 2799 mulie-

1895 2829 2050 2886 brem
2081 2829 2306 2898 abjiciat
2351 2829 2719 2896 timiditatem,
2765 2840 2822 2886 et
2863 2830 3055 2886 fiducia
3097 2832 3346 2898 indutus,
3375 2849 3486 2889 non

1895 2928 2080 2975 autem
2128 2920 2418 2975 temeraria
2471 2921 2719 2986 audacia,
2769 2929 2827 2976 et
2878 2921 2948 2976 ad
2981 2921 3150 2976 Deum
3199 2923 3490 2979 funebrem

1895 3019 2058 3067 canat
2115 3009 2506 3078 laudationem,
2567 3020 2624 3067 et
2665 3022 2857 3082 aperte
2905 3015 3231 3084 pronuntiet
3272 3015 3496 3071 beatam

1899 3103 2041 3158 hanc
2070 3103 2332 3158 invictam
2395 3103 2814 3159 fortitudinem?
2857 3103 2994 3170 Quis
3047 3105 3244 3160 videns
3293 3105 3490 3162 immeo

1897 3202 2147 3265 turorum
2177 3209 2472 3264 puerorum
2523 3203 2741 3250 aetatem
2773 3195 2828 3249 in
2862 3195 3180 3265 asperrimis
3208 3197 3490 3252 doloribus

218 3283 428 3341 tradldit
449 3284 759 3354 lictoribus,
783 3288 1138 3359 compedibus
1157 3263 1496 3362 manicisque
1516 3301 1570 3348 et
1595 3291 1795 3348 ﬁdibus
1821 3263 1866 3322 θ
1901 3263 2155 3358 tanquam
2181 3263 2238 3342 in
2269 3287 2428 3358 aquis
2453 3287 2814 3351 innatantem,
2847 3297 2902 3344 et
2926 3263 3216 3359 tanquam
3241 3290 3326 3345 lac
3357 3305 3496 3344 coa-

218 3379 532 3452 constringi,
555 3388 612 3436 et
629 3380 828 3438 deinde
863 3380 1080 3438 fortiter
1109 3384 1394 3455 exspirare
1426 3386 1482 3440 in
1511 3385 1796 3456 suppliciis

219 3469 584 3538 Intolerandis,
648 3488 760 3528 non
785 3473 1090 3530 admiratur
1125 3477 1468 3546 patientiam,
1503 3477 1794 3535 invictam-

218 3577 318 3634 que
351 3564 557 3620 excelsi
601 3566 770 3621 animi
813 3567 1070 3622 virtutem
1110 3575 1168 3623 ct
1220 3569 1428 3624 ﬁdem?
1491 3569 1624 3638 Quis
1671 3587 1796 3627 eum

218 3664 486 3722 spectans,
513 3656 630 3726 qui,
680 3672 752 3712 ne
800 3659 1017 3728 aliquod
1051 3661 1279 3716 verbum
1333 3661 1614 3718 emitteret
1651 3663 1795 3718 indi-

219 3759 377 3817 gnum
413 3747 638 3820 pietate,
673 3757 730 3804 et
766 3751 822 3805 in
869 3751 1131 3807 lateribus
1163 3760 1221 3807 et
1256 3752 1310 3808 in
1346 3753 1512 3808 dorso
1537 3753 1794 3822 laniatur,

219 3852 322 3894 non
356 3841 664 3900 emollescit
687 3843 1167 3900 commiseratione
1183 3845 1211 3898 ἲ
1233 3843 1366 3912 Quis
1390 3860 1503 3901 non
1536 3846 1798 3916 impletur

220 3922 599 3992 admiratione,
625 3934 679 3982 et
716 3928 958 3997 quatitur
981 3929 1199 3995 timore,
1230 3931 1450 4001 quando
1474 3932 1619 3986 videt
1645 3947 1796 3999 eum,

219 4017 307 4086 qui
332 4033 434 4088 pro
455 4017 564 4075 ﬁde
589 4019 814 4090 patitur,
849 4023 1032 4077 omnia
1064 4023 1308 4078 membra
1337 4038 1432 4078 sua
1459 4023 1798 4079 distribuen-

219 4116 364 4178 tem;
395 4111 530 4168 dum
564 4111 851 4180 scinditur,
887 4121 944 4170 et
978 4115 1046 4171 ad
1075 4114 1171 4170 Dei
1198 4115 1527 4172 sacriﬁcium
1554 4125 1612 4172 et
1644 4116 1799 4172 abla-

222 4200 417 4262 tionem
448 4219 516 4260 ea
552 4205 806 4272 secrevit,
850 4221 971 4277 qua:
999 4216 1178 4277 usque
1210 4207 1278 4262 ad
1313 4207 1596 4262 musculos
1627 4206 1799 4262 femo-

1897 3382 2160 3454 gulatum,
2221 3379 2491 3434 emulsum
2547 3395 2610 3435 ex
2673 3381 2937 3437 uberibus
2999 3381 3160 3446 ﬁdei,
3215 3391 3280 3457 et.
3325 3398 3492 3438 omne

1897 3487 2068 3544 genus
2101 3473 2358 3528 tormenti
2389 3479 2443 3528 et
2487 3471 2740 3542 supplicii
2773 3471 2935 3526 simul
2963 3470 3228 3528 ferentem
3265 3481 3496 3542 propter

1895 3563 2200 3634 Christum,
2255 3579 2368 3620 non
2421 3563 2722 3634 coniecerit
2779 3563 2884 3618 hoc
2938 3577 3062 3620 eSSe
3118 3579 3262 3634 opus
3313 3561 3485 3620 divini

1897 3655 2108 3720 auxilii,
2157 3656 2305 3725 quod
2341 3663 2396 3710 et
2434 3655 2760 3710 muliebrem
2816 3653 3250 3710 imbecillitatem
3281 3657 3489 3713 virtute

1896 3748 2036 3802 virili
2065 3747 2194 3803 fecit
2223 3747 2612 3810 robustiorem,
2646 3755 2702 3802 et
2738 3746 3080 3816 impuberem
3123 3763 3188 3802 ac
3219 3749 3490 3818 puerilem

1899 3837 2372 3910 imperfectionem
2398 3838 2644 3894 ostendit
2674 3837 2872 3908 spiritu
2908 3853 2973 3894 ac
3016 3853 3183 3894 sensu
3213 3855 3336 3895 esse
3366 3857 3492 3895 mu-

1899 3935 2064 3984 tatam
2119 3928 2176 3984 in
2231 3929 2461 3986 senilem
2500 3929 2870 3984 vetustatem?
2934 3928 3069 3995 Quis
3123 3931 3380 3986 Thcclam
3436 3941 3493 3986 et

1903 4019 2264 4091 Stephanum,
2313 4019 2407 4091 qui
2469 4019 2634 4092 primi
2683 4029 2808 4090 post
2835 4020 3118 4078 Christum
3163 4022 3486 4078 athleticam

1900 4121 2112 4182 portam
2139 4119 2474 4182 aperuerunt
2497 4111 2847 4184 martyribus,
2881 4111 3031 4168 hunc
3053 4112 3276 4182 quidem
3294 4112 3491 4172 videns

1901 4203 2175 4275 lapidibus
2207 4207 2535 4276 appetitum,
2579 4214 2636 4261 et
2667 4205 2973 4261 occisorum
3008 4221 3107 4274 per
3132 4221 3360 4276 precum
3401 4209 3490 4260 in-

223 4305 386 4363 raque
419 4303 482 4350 et
509 4295 646 4351 talos
683 4305 740 4352 et
777 4289 958 4352 tarsos
997 4297 1318 4354 dividuntur
1347 4296 1800 4354 immisericordi-
1903 4298 2290 4353 tercessionem
2327 4299 2472 4369 apud
2514 4299 2682 4354 Deum
2724 4313 2912 4354 curam
2958 4306 3240 4368 gerentem
3270 4317 3284 4361 ;
3338 4298 3486 4352 illam

225 4393 322 4453 ter,
355 4402 469 4446 non
512 4388 818 4444 admiratur
853 4390 1333 4447 laboriosissimum
1381 4391 1435 4445 in
1469 4391 1802 4447 decertando
1903 4406 2036 4445 vero
2077 4400 2134 4446 et
2186 4389 2424 4446 ferarum
2481 4391 2746 4446 smvitiam
2784 4390 3205 4460 despicientem,
3265 4399 3502 4461 proptch

223 4480 576 4548 patientiam?
635 4480 768 4548 Quis
841 4498 967 4538 eum
1023 4482 1336 4554 aspiciens,
1394 4485 1490 4555 qui
1548 4484 1804 4540 leonibus
1905 4496 2058 4537 suam
2093 4498 2205 4538 non
2236 4482 2416 4538 ﬁctam
2473 4481 2528 4537 in
2568 4484 2874 4548 Christum,
2911 4495 3074 4553 quem
3119 4482 3495 4548 desiderabat,

221 4571 474 4642 obiicitur
501 4571 869 4641 devorandos,
901 4587 958 4630 et
977 4572 1234 4633 dentibus
1267 4591 1458 4631 eorum
1489 4575 1800 4641 molendus,
1838 4613 1879 4669 Β
1906 4573 2250 4639 charitatem,
2287 4589 2396 4629 non
2437 4573 2621 4648 statim
2651 4574 2814 4631 discit
2853 4574 3138 4629 non‘male
3171 4574 3378 4643 precari
3403 4574 3489 4629 in-

223 4673 276 4720 et
311 4666 482 4722 veluti
529 4666 770 4723 scelestis
801 4668 960 4738 panis
1004 4681 1206 4723 mensae
1236 4667 1446 4722 acelein
1482 4667 1802 4738 conspergi;

225 4761 328 4822 tur,
373 4773 488 4812 non
517 4753 600 4814 est
635 4759 987 4830 intelligentia
1028 4759 1302 4830 particeps
1339 4758 1489 4813 illius
1516 4757 1802 4830 martyrici

224 4845 484 4914 spiritalis
533 4844 812 4904 convivii?
863 4846 998 4914 Quis
1055 4862 1178 4902 eum
1227 4838 1645 4918 contemplans,
1707 4847 1802 4916 qui

225 4938 414 4994 acerba
445 4945 636 4995 catena
653 4947 879 5010 propter
909 4937 1080 4994 Deum
1107 4938 1432 5010 exagitatus,
1463 4948 1522 4994 et
1547 4941 1602 4993 iu
1633 4939 1806 4993 altum

227 5030 490 5096 sublatus,
531 5041 590 5087 et
615 5031 746 5087 loris
774 5046 838 5087 ac
863 5031 1082 5088 statiuis
1109 5031 1314 5088 vibices
1329 5032 1496 5088 habet
1525 5040 1804 5097 extensae,

226 5128 280 5175 et
307 5123 530 5179 tandem
573 5123 757 5194 gladio
794 5131 1025 5178 mortem
1055 5123 1224 5189 subit,
1260 5137 1372 5178 non
1400 5123 1647 5194 seipsum
1682 5137 1804 5176 om-

227 5213 358 5270 nino
397 5215 580 5272 cordis
613 5217 946 5282 contrahens
969 5217 1420 5281 contritionibus,
1467 5219 1809 5273 convertitur

229 5309 292 5363 ad
325 5318 538 5379 gratam
575 5309 672 5366 Dei
721 5309 1206 5381 gloriﬁcationem?
1245 5309 1384 5376 Quis
1413 5324 1541 5367 eum
1586 5310 1807 5376 videns,

227 5401 315 5471 qui
351 5411 535 5458 rectus
565 5403 622 5458 in
655 5401 802 5472 ligno
845 5401 1101 5468 vincitur,
1142 5411 1200 5460 et
1229 5403 1390 5473 cujus
1417 5403 1810 5458 exinaniuntur

231 5493 490 5550 intestina
535 5493 918 5567 frequentibus
960 5495 1162 5550 ictibus
1205 5494 1539 5566 ﬂagellorum
1566 5535 1582 5562 ,
1619 5503 1679 5549 ct
1712 5494 1808 5565 qui

227 5581 544 5640 diuturnam
579 5583 724 5640 illam
755 5583 992 5640 sustinet
1021 5583 1076 5637 in
1105 5585 1260 5655 ligno
1285 5584 1720 5654 perpessionem,
1753 5593 1808 5640 et

231 5677 345 5730 sine
395 5674 700 5732 visceribus
759 5674 1116 5746 ingrediens,
1181 5674 1467 5730 funebrem
1515 5675 1808 5745 quamdam

231 5765 389 5823 saltat
425 5768 798 5833 saltationem,
837 5783 950 5826 non
1001 5768 1187 5825 divino
1233 5767 1341 5824 telo
1385 5767 1442 5823 in
1473 5769 1639 5824 corde
1680 5783 1809 5823 sau-

233 5857 423 5930 ciatur,
457 5860 984 5933 tabernaculumque
1007 5870 1063 5918 et
1089 5863 1356 5933 templum
1387 5860 1608 5932 pietatis
1635 5859 1808 5917 emeic

1905 4665 2106 4730 imicis,
2125 4667 2222 4722 sed
2259 4674 2516 4736 tanquam
2552 4665 2993 4722 benefactoribus
3030 4666 3110 4720 cis
3141 4663 3366 4735 gratiam
3400 4682 3486 4720 rc-

1904 4757 2067 4818 ferre,
2098 4765 2154 4811 et
2201 4757 2467 4811 adversus
2522 4771 2742 4812 omnem
2777 4756 3070 4811 belluinam
3121 4762 3182 4808 et
3211 4765 3488 4812 amentcm

1905 4845 2183 4902 decertare
2213 4845 2508 4901 haeresim?

1973 4935 2065 4990 42.
2103 4933 2210 4990 Sed
2249 4945 2468 4991 transeo
2513 4934 2584 4988 ad
2618 4933 2789 4988 Deum
2821 4947 3004 4988 meum
3053 4942 3110 4990 et
3149 4921 3447 4994 Dominum
3473 4979 3486 4998 .

1906 5027 2003 5097 qui
2035 5037 2241 5098 martyr
2269 5037 2357 5082 est
2397 5025 2727 5098 appellatus,
2765 5035 2820 5081 et
2865 5027 2969 5082 fuit
2995 5029 3232 5098 posteris
3262 5030 3490 5101 dispen-

1907 5131 2057 5175 sator
2107 5120 2352 5176 viclorite
2385 5136 2404 5173 τ
2432 5133 2598 5189 quem
2640 5119 2694 5173 in
2744 5119 2896 5190 ligno
2940 5135 3176 5176 cernens
3207 5123 3375 5177 clavis
3403 5123 3490 5176 at"-

1910 5214 2102 5279 ﬁxum,
2136 5220 2192 5266 et
2227 5212 2457 5284 spongia
2484 5211 2652 5266 'aceto
2681 5219 2737 5265 et
2773 5210 2899 5266 felle
2934 5220 3200 5282 putatum,
3242 5222 3298 5268 et
3320 5214 3489 5270 latere

1907 5305 2098 5360 lancea
2141 5312 2430 5374 punctum,
2473 5312 2531 5358 et
2559 5317 2626 5358 ex
2657 5317 2726 5358 eo
2751 5303 2965 5358 viviﬁca
2999 5303 3202 5360 fluenta
3233 5307 3466 5361 emittcr-

1912 5405 2044 5460 tent,
2077 5397 2280 5451 horreo
2308 5405 2366 5450 et
2399 5410 2431 5450 a
2463 5410 2551 5450 me
2577 5395 2824 5462 discedo,
2871 5395 3194 5467 honoreque
3237 5398 3360 5468 ejus
3405 5398 3489 5454 in~

1909 5488 2284 5560 vestigabilem
2326 5498 2384 5544 ct
2410 5488 2738 5558 stupendam
2777 5489 2862 5543 sui
2895 5488 3309 5552 demissionem,
3345 5491 3484 5561 ejus-

1909 5597 2017 5652 que
2065 5581 2308 5638 admiror
2351 5594 2581 5638 summas
2615 5581 2885 5636 malorum
2907 5581 3218 5638 tolerantiae
3244 5583 3491 5655 pelagus.

1911 5675 2124 5732 Etenim
2156 5684 2380 5746 propter
2405 5673 2712 5730 clementia:
2733 5673 3188 5746 magnitudinem,
3218 5684 3275 5730 et
3300 5675 3492 5732 inclia-

1911 5769 2074 5825 bilem
2139 5765 2533 5822 misericordiae
2592 5765 2936 5832 bonitatem,
3009 5783 3137 5822 cum
3188 5778 3496 5837 accepisset

1911 5875 2130 5919 carnem
2166 5859 2412 5932 ejusdem
2432 5900 2449 5930 ,
2495 5859 2653 5931 cujus
2704 5867 2915 5928 nostra,
2963 5859 3232 5929 assentiar,
3283 5874 3492 5938 nequa-
