4026 6388
475 426 612 492 1415

1542 414 1603 473 s.
1658 408 1965 470 TARASII
2007 364 2519 465 manuatus
2555 400 2666 460 cr.

3603 394 3738 460 1416

463 559 628 615 quam
661 557 719 596 se
766 554 886 594 esse
930 537 1101 592 Deum
1137 533 1434 596 inficiatus,
1474 531 1640 584 verbo
1670 526 1891 598 quidem
1921 525 2054 579 vcri-
2089 536 2134 595 Α
2165 520 2236 576 sit
2281 521 2403 588 ejus
2437 517 2719 587 exemplar
2760 514 3154 578 venerandum,
3205 523 3266 615 et
3309 512 3502 569 Jovem
3536 513 3750 569 abomi—

470 638 620 697 tatis,
651 649 680 686 a
711 631 859 686 verbi
893 629 1166 684 ministris
1195 634 1505 681 atramento
1533 621 1798 685 colorate,
1823 625 1882 674 ut
1907 618 2056 681 licet,

469 724 832 778 annuntiatur
865 739 878 774 :
925 735 984 775 re
1020 735 1147 773 vera
1175 727 1362 773 autem
1396 713 1680 769 coloribus
1723 711 1792 766 ab
1843 710 1977 780 ipsis
2006 718 2060 762 et

471 832 660 871 eorum
701 815 928 870 asseclis
959 809 1438 869 circumscribitur
1469 814 1525 861 et
1568 804 1900 874 depingitur,
1949 814 2060 853 non

473 925 671 963 crassa:
721 905 964 961 materiae
1012 900 1502 958 commiscentibus
1552 895 1959 966 simplicitatem
2007 899 2062 944 et

473 998 666 1056 formae
693 999 1025 1053 vacuitatem
1059 1015 1070 1049 :
1106 1009 1286 1064 neque
1318 991 1464 1046 enim
1497 985 1932 1049 circumciditur,
1960 997 2064 1037 nec

475 1093 624 1147 subit
666 1091 1012 1146 adet-tionem
1047 1107 1061 1142 :
1096 1088 1193 1143 sed
1231 1085 1378 1156 quod
1421 1097 1518 1137 sua
1561 1089 1759 1134 natura
1785 1076 1938 1132 cerni
1967 1090 2065 1144 po.

475 1192 584 1240 test
611 1193 669 1238 et
719 1182 1072 1248 contrectari,
1111 1177 1504 1254 .quamontime
1547 1170 1972 1244 dcpingentibus
2011 1176 2065 1222 et

475 1276 1076 1332 circumscribentibus.
1119 1275 1632 1340 Quamobrem-tota
1659 1269 1861 1332 anima,
1901 1265 2066 1320 corde

477 1377 534 1422 et
562 1366 919 1437 cogitatione,
941 1381 1064 1434 quae
1099 1372 1229 1420 sunt
1262 1365 1331 1420 ab
1367 1363 1448 1418 eis
1477 1362 1720 1422 decreta,
1765 1363 1986 1412 tuentes
2011 1360 2067 1408 et

477 1458 894 1526 amplectentcs,
945 1463 998 1510 et
1035 1455 1129 1524 qui
1172 1470 1236 1508 ex
1294 1455 1408 1508 Deo
1453 1461 1584 1508 sunt
1630 1449 1830 1504 mentis
1867 1453 2068 1502 nostrae

480 1564 706 1619 gressus
765 1548 832 1602 ab
871 1563 974 1602 -eo
1039 1546 1382 1616 apertissime
1440 1544 1707 1598 habentes
1764 1539 2064 1604 dilatatos,

481 1656 680 1712 magno
727 1639 912 1694 studio
957 1637 1346 1691 contendimus
1384 1635 1451 1690 ad
1483 1633 1889 1703 excipiendam,
1923 1639 1980 1684 et
2011 1637 2070 1683 ut

481 1733 564 1787 fas
605 1740 708 1794 est,
745 1729 1076 1786 adorandum
1117 1729 1326 1784 Christi
1367 1727 1660 1798 imaginem
1696 1733 1752 1779 et
1793 1723 1916 1793 ejus
1943 1737 2068 1792 per-

482 1823 818 1894 pessionem,
868 1831 923 1877 et
957 1823 1023 1876 ad
1063 1836 1165 1876 nos
1210 1820 1549 1874 exhibendos
1601 1818 1795 1888 dignos
1841 1815 2068 1878 sanctis,
2104 1861 2144 1916 Β

483 1913 576 1982 (ιΒί
629 1912 852 1967 fuerunt
901 1927 930 1966 a
980 1912 1199 1966 saculo.
1235 1909 1522 1976 Quomodo
1553 1925 1686 1980 ergo
1717 1924 1830 1962 non
1878 1922 1944 1962 ex
1982 1907 2070 1961 his

483 2004 664 2060 bonus
694 2004 929 2057 edicitur
957 2003 1176 2072 aliquis,
1207 2001 1423 2057 etiarnsi
1449 2017 1546 2055 cor
1572 2001 1770 2054 habeat
1797 1999 2069 2053 sententia

483 2092 800 2162 lapideum?
843 2092 977 2157 Quis
1011 2108 1120 2146 non
1151 2101 1433 2146 reveretur
1460 2091 1752 2145 coloratam
1775 2089 2068 2158 picturam,

481 2197 607 2252 quae
649 2183 753 2236 fert
785 2183 1032 2251 exempla
1070 2182 1316 2252 pictatis.
1355 2197 1454 2251 per
1476 2197 1597 2250 qua:
1626 2179 1812 2235 doceri
1844 2189 2074 2249 possunt

483 2283 702 2328 veteres
744 2289 832 2327 res
876 2283 1061 2343 gestae,
1105 2273 1292 2328 mundi
1329 2282 1504 2338 ortus,
1553 2272 1796 2342 legisque
1839 2284 1894 2326 et
1947 2287 2075 2340 pro-

486 2365 798 2434 phetarnm,
829 2379 1127 2432 senemque
1152 2373 1206 2418 et
1227 2365 1508 2434 antiquam
1539 2365 1754 2419 efficere
1785 2364 2073 2435 cogitatio-

483 2456 655 2511 nem?
699 2455 802 2510 Per
827 2471 989 2525 quam
1019 2458 1233 2512 accedit
1275 2457 1528 2512 meditari
1575 2457 1757 2512 divina
1799 2468 1853 2512 et
1880 2473 2072 2528 magna

485 2547 676 2619 gratiae
708 2547 989 2610 miracula,
1019 2564 1140 2618 qua:
1167 2551 1234 2603 ad
1269 2547 1362 2603 Dei
1399 2549 1624 2619 gloriam
1653 2549 1924 2604 inducunt
1949 2565 2074 2620 spe-

484 2649 747 2705 ctatores,
769 2640 861 2709 qui
885 2641 1072 2694 omnia
1099 2639 1230 2695 fecit
1259 2641 1313 2694 in
1343 2642 1630 2712 sapientia,
1657 2649 1712 2696 et
1734 2657 1862 2697 suos
1887 2658 2076 2699 servos

487 2747 588 2802 per
615 2746 768 2786 suam
801 2731 856 2784 in
892 2731 1041 2801 ipsos
1077 2732 1542 2797 benevolentiam,
1589 2733 1843 2788 maximis
1884 2735 2079 2790 extulit

489 2823 799 2879 honoribus
851 2822 1038 2894 (Psal.
1085 2839 1216 2890 CIII,
1263 2825 1368 2892 9.4)
1405 2844 1418 2878 :
1451 2834 1506 2880 et
1551 2834 1840 2896 propterea
1887 2834 2076 2896 aperte

489 2914 664 2968 voluit
694 2930 788 2970 eos
811 2915 1034 2985 depingi
1062 2930 1125 2968 ae
1158 2915 1417 2980 describi,
1453 2927 1502 2970 et
1531 2931 1723 2971 eorum
1756 2918 2076 2970 memoriam

491 3020 613 3060 esse
648 3015 970 3076 perpetuam
1015 3006 1071 3061 in
1119 3008 1322 3061 nostris
1361 3008 1639 3062 cordibus.
1687 3008 1974 3073 Quodnam
2011 3025 2076 3063 ex

491 3097 581 3152 his
603 3111 842 3166 unquam
867 3089 1124 3152 damnum
1157 3098 1223 3152 ad
1252 3098 1490 3152 animam
1521 3099 1785 3153 redierit?
1815 3099 2076 3164 Quisnam

493 3194 677 3240 autem
730 3201 840 3240 non
886 3186 1066 3255 potius
1103 3203 1170 3243 ex
1216 3188 1284 3242 iis
1319 3189 1527 3259 accepit
1575 3189 1907 3245 utilitatem?
1945 3190 2079 3257 Quis
2105 3206 2149 3265 ε

493 3293 562 3333 ex
594 3277 788 3333 crebra
841 3293 906 3333 ac
942 3279 1190 3350 diligenti
1235 3297 1424 3336 eorum
1475 3281 1914 3337 consideratione
1968 3299 2079 3338 non

460 3375 815 3438 iperpetuam
847 3369 1186 3438 comparavit
1217 3371 1539 3426 memoriam
1587 3371 1780 3424 salutis
1821 3373 2079 3426 concilia-

495 3461 686 3517 triccm
699 3451 730 3513 ’ἳ
1669 3520 1684 3527 ί

565 3551 654 3606 45.
691 3549 785 3605 Dic
815 3550 946 3604 mihi
987 3550 1132 3605 enim
1155 3592 1169 3614 ,
1205 3551 1318 3621 qui'
1345 3549 1568 3606 infamis
1616 3561 1670 3606 et
1709 3551 2084 3622 ignominiosa

497 3641 672 3710 partis
696 3639 944 3694 ordinem
974 3641 1180 3707 laudas,
1219 3657 1252 3696 ο
1285 3641 1572 3708 haeretica;
1604 3657 1785 3711 neque
1823 3642 1971 3696 enim
1999 3643 2083 3696 di-

497 3731 676 3786 dicisti
728 3731 1000 3787 honorare
1055 3732 1201 3802 quod
1279 3743 1363 3788 est
1415 3733 1638 3803 dignum
1695 3733 1940 3794 honore;
1992 3732 2084 3802 qui

501 3823 660 3878 idolis
702 3833 759 3878 et
791 3823 1118 3878 venerandis
1149 3823 1499 3894 imaginibus
1547 3823 1802 3878 lubenter
1835 3821 2084 3876 eamdem

501 3913 698 3969 tribuis
730 3913 1110 3985 ignominiam,
1142 3915 1364 3984 quando
1394 3913 1611 3984 profani
1651 3921 1708 3968 et
1744 3913 1914 3968 sancti
1945 3913 2088 3967 scies

499 4006 895 4068 differentiam,
933 4015 990 4060 et
1023 4005 1111 4067 iis,
1144 4022 1268 4074 qua:
1309 4023 1372 4060 ex
1414 4005 1524 4060 illis
1563 4005 1934 4064 deducuntur,
1987 4003 2085 4058 tri-

500 4095 638 4149 bues
673 4095 724 4149 id
751 4097 896 4165 quod
922 4096 1222 4151 convenit?
1255 4096 1349 4150 Est
1375 4096 1520 4151 enim
1552 4097 1834 4166 proprium
1869 4095 2004 4166 legis
2033 4104 2089 4150 et

501 4187 850 4249 eruditionis,
906 4199 1095 4242 sancta
1141 4188 1456 4244 discernere
1495 4205 1524 4242 a
1562 4189 1826 4258 profanis,
1881 4199 1937 4243 et
1985 4187 2086 4241 im-

503 4279 706 4333 munda
757 4295 786 4332 a
837 4279 1054 4333 mundis
1085 4297 1097 4332 :
1133 4279 1408 4350 quomodo
1450 4295 1641 4332 rursus
1672 4288 1755 4332 est.
1785 4277 2088 4348 iniquitatis

501 4382 558 4426 et
591 4371 842 4436 inscitiae,
892 4389 1012 4440 qua:
1046 4373 1188 4425 inter
1237 4387 1296 4425 se
1336 4381 1602 4442 pugnant,
1650 4371 1812 4426 simul
1851 4386 2046 4440 cogere
2071 4409 2086 4432 ,

503 4463 882 4532 permiscenda
907 4473 964 4518 et
992 4463 1381 4518 confundenda
1407 4464 1610 4518 omnia.
1637 4464 1693 4518 Si
1719 4465 1868 4518 enim
1896 4463 2086 4517 Jovem

2163 611 2346 675 naris,
2395 618 2620 679 propter
2661 607 3061 662 exsecrandum
3083 606 3204 675 ejus
3251 603 3536 660 libidinem
3587 613 3753 676 atque

2163 701 2562 774 petulantiam?
2608 699 2727 754 Non
2771 698 3054 753 Christum
3093 697 3266 752 Deum
3299 696 3646 766 pronuntias,
3682 697 3756 752 ob

2163 798 2511 853 sanctitatem
2543 797 2665 865 ejus
2695 791 3206 864 incomparabilem,
3243 800 3300 845 et
3337 805 3457 861 qua:
3491 805 3758 860 expressa
3821 775 3829 781 ’

2163 897 2246 942 est
2289 901 2387 954 per
2429 885 2719 940 materiam
2744 885 2818 938 ab
2841 883 3084 952 antiquis
3114 883 3465 946 honoratam,
3497 880 3666 935 Deum
3700 891 3762 936 et

2170 980 2452 1034 hominem
2502 977 2799 1033 referentis
2845 961 3100 1048 imaginis
3153 975 3398 1032 admittis
3432 973 3762 1030 similitudi-

2165 1086 2325 1136 nem;
2367 1069 2680 1124 fabulosum
2719 1077 2903 1122 autem
2944 1067 3095 1122 illum
3135 1067 3488 1138 parricidam,
3521 1077 3577 1122 et
3610 1068 3760 1138 ejus,

2166 1179 2291 1234 quae
2321 1178 2350 1216 a
2402 1161 2694 1216 divinitate
2745 1160 2982 1224 excidit,
3035 1158 3268 1230 eﬂigiem
3322 1159 3653 1216 transmittis
3702 1161 3760 1214 in

2167 1251 2526 1323 profundum,
2559 1251 2614 1304 in
2644 1265 2750 1320 qua
2781 1249 2900 1319 ipse
2926 1249 3098 1319 patris
3129 1249 3237 1311 sui,
3274 1264 3398 1319 quae
3421 1248 3759 1312 absciderat,

2169 1343 2408 1399 verenda
2441 1352 2531 1398 est
2555 1341 2867 1411 jaculatus?
2891 1339 2986 1396 Nae
3011 1349 3069 1395 tu
3097 1339 3380 1396 Christum
3406 1341 3762 1396 Servatorem

2169 1432 2378 1489 habeas
2431 1432 2768 1504 propitium,
2818 1433 2912 1503 qui
2964 1431 3237 1488 materiali
3290 1439 3604 1488 sanctorum
3657 1448 3760 1488 ex-

2169 1541 2360 1596 pressa
2398 1525 2705 1581 delectatur
2729 1524 2925 1597 efﬁgie,
2951 1525 3080 1579 odio
3109 1533 3292 1578 autem
3337 1525 3504 1578 habet
3534 1523 3756 1579 Satanae

2171 1627 2228 1672 et
2255 1617 2635 1688 improborum
2663 1617 2786 1687 ejus
2811 1617 3109 1673 satellitum
3139 1616 3583 1672 abominationes
3614 1635 3627 1672 :
3659 1619 3760 1689 qui

2171 1725 2297 1764 cum
2331 1709 2524 1765 vident
2557 1707 2764 1764 Christi
2796 1717 2852 1762 et
2875 1708 2998 1778 ejus
3032 1723 3320 1763 servorum
3365 1717 3581 1764 erectas
3619 1709 3766 1764 ima-

2173 1802 2350 1874 gines,
2387 1809 2736 1866 evertuntur,
2787 1801 3158 1871 ingemiscant
3190 1809 3247 1856 et
3287 1800 3522 1865 deflent,
3567 1809 3624 1856 et
3659 1802 3765 1856 ad-

2174 1911 2368 1950 versus
2396 1911 2512 1961 eos,
2541 1894 2636 1966 qui
2665 1895 2782 1948 lucc
2810 1894 3067 1948 lubenter
3093 1893 3323 1959 faciunt,
3350 1894 3586 1949 strident
3621 1894 3765 1950 den-

2175 1987 2340 2050 tibus,
2377 1997 2432 2041 et
2461 1987 2742 2057 pulverem
2768 1986 3011 2040 excitant
3039 1985 3434 2039 calamitatum.
3471 1983 3568 2039 llis
3593 1998 3770 2040 enco-

2174 2081 2411 2134 miorum
2452 2077 2637 2134 verbis
2676 2077 2925 2133 excitans
2983 2075 3280 2140 'l‘arasius,
3337 2086 3392 2131 et
3448 2077 3502 2130 in
3564 2076 3769 2132 tabulis

2175 2171 2475 2226 honorifice
2527 2171 2849 2240 insculpens
2905 2170 2975 2224 ab
3005 2169 3087 2224 eis
3119 2185 3220 2240 pro
3249 2169 3473 2224 Christo
3502 2179 3768 2239 suscepta

2175 2267 2480 2321 certamina
2515 2274 2572 2320 et
2612 2265 2896 2335 pericula,
2941 2279 3132 2317 eormn
3174 2261 3465 2317 insistebat
3498 2261 3766 2332 vestigiis,

2175 2352 2392 2406 etiamsi
2445 2351 2712 2405 manserit
2755 2351 2874 2405 sine
2918 2349 3208 2418 vibicibus,
3247 2365 3359 2404 non
3391 2360 3576 2404 autem
3609 2365 3706 2404 eos
3738 2367 3768 2403 a

2179 2451 2332 2514 tergo
2363 2444 2721 2514 sequebatur.

2794 2543 3023 2612 cvrr'r
3063 2557 3130 2612 Χ.

2243 2647 2587 2716 Comparatio
2632 2651 2802 2702 sancti
2843 2648 3052 2702 Tarasii
3079 2666 3196 2702 cum
3241 2650 3494 2719 apostolis
3519 2659 3568 2702 et
3598 2665 3694 2720 pa-

2844 2721 3106 2772 triarcln's.

2245 2811 2336 2865 44.
2382 2811 2674 2866 Videamus
2710 2826 2860 2873 vero,
2905 2828 2976 2867 an
3025 2811 3188 2866 etiam
3238 2812 3590 2868 contenderit
3636 2827 3768 2866 eum

2179 2901 2245 2955 iis
2272 2902 2364 2970 qui
2406 2911 2563 2956 erant
2606 2902 2658 2955 in
2706 2901 2894 2972 gratia.
2940 2896 3078 2956 Nam
3108 2918 3232 2956 enm
3273 2901 3436 2958 Verbi
3487 2904 3770 2974 discipuli,

2179 2991 2378 3045 mentis
2415 2990 2469 3045 in
2512 2991 2828 3061 Magistrum
2861 2982 3380 3057 immutabilitatem,
3407 3010 3504 3065 per
3527 2995 3772 3052 divinam

2179 3081 2533 3137 osuanderent
2563 3082 2986 3147 confessionem,
3027 3085 3142 3153 ipse
3179 3099 3396 3154 quoque
3427 3100 3548 3140 eam
3581 3101 3776 3141 serva-

2181 3171 2260 3226 vit
2313 3173 2574 3244 integram
2629 3183 2683 3228 ct
2737 3165 3106 3229 inviolabilem
3135 3190 3164 3228 a
3197 3185 3446 3233 materno
3491 3187 3670 3244 utero,
3718 3189 3777 3234 et

2187 3262 2346 3320 factis
2376 3265 2553 3334 ipsum
2593 3281 2780 3320 verum
2815 3266 2985 3320 Deum
3019 3267 3344 3336 prredicans,
3383 3269 3477 3338 qui
3504 3284 3570 3322 ex
3602 3267 3774 3324 Maria

2185 3356 2240 3410 in
2270 3356 2474 3412 ultimis
2515 3356 2874 3424 temporibus,
2913 3363 2968 3410 et
3009 3372 3074 3410 ex
3103 3354 3264 3412 Patre
3295 3364 3423 3412 ante
3454 3357 3654 3413 saecula
3689 3369 3777 3414 est

2185 3449 2423 3520 genitus,
2455 3448 2718 3518 aequalem
2754 3447 2922 3513 Patri,
2974 3448 3119 3518 quod
3169 3449 3364 3504 attinet
3411 3451 3480 3505 ad
3524 3452 3777 3520 ejusdem

2185 3540 2370 3612 gloria:
2427 3540 2685 3594 virtutem
2744 3538 3064 3594 divinitatis.
3127 3541 3221 3595 Sic
3262 3556 3385 3596 cum
3437 3541 3694 3612 Philippo
3724 3553 3781 3600 et

2188 3632 2416 3690 Thema.
2451 3633 2733 3687 decretum
2794 3633 3060 3703 protulit,
3143 3633 3435 3688 Dominum
3494 3642 3552 3689 et
3603 3633 3782 3690 Deum

2187 3725 2469 3780 Christum
2513 3726 2724 3789 dicens,
2777 3742 2889 3780 non
2921 3725 3159 3796 palpatis
3194 3741 3317 3796 quae
3347 3727 3520 3781 clavis
3549 3729 3782 3784 confixae

2189 3817 2429 3886 fuerant,
2457 3818 2736 3882 manibus,
2769 3817 2948 3888 neque
2975 3817 3239 3888 quaesitis,
3259 3833 3380 3888 quat
3407 3833 3507 3888 per
3530 3819 3782 3874 lanceam

2189 3911 2345 3965 factae
2380 3919 2560 3976 erant,
2597 3910 2988 3980 punctionibus
3039 3908 3233 3981 (Joan.
3273 3925 3374 3976 xx,
3405 3910 3534 3980 27).
3573 3909 3782 3978 Quam-

2188 4003 2376 4058 obrem
2425 4003 2648 4058 beatum
2701 4018 2920 4072 quoque
2971 4002 3135 4058 finem
3187 4013 3377 4073 aperte
3425 4006 3638 4074 accepit
3684 4021 3786 4076 per

2190 4096 2404 4151 ﬁdelem
2446 4106 2503 4150 et
2547 4095 2854 4151 ferventem
2896 4095 3324 4150 confessionem.
3377 4093 3470 4150 Sic
3530 4095 3783 4152 Zebedaei

2192 4185 2362 4242 filium
2407 4196 2634 4242 secutus
2675 4196 2780 4251 cst,
2821 4187 2912 4256 qui
2957 4186 3264 4256 appellatus
3305 4184 3409 4242 fuit
3452 4186 3600 4242 filius
3635 4189 3786 4242 toni-

2190 4290 2278 4334 tru
2308 4279 2514 4350 (Marc.
2547 4296 2632 4342 Ill,
2672 4279 2766 4345 l7)
2799 4298 2812 4333 :
2846 4287 3134 4348 propterea
3167 4277 3313 4349 quod
3365 4288 3556 4348 aperte
3583 4281 3785 4334 merui-

2190 4371 2276 4424 nit
2299 4370 2352 4422 in
2397 4369 2672 4440 principio
2695 4368 2938 4423 Verbum
2975 4383 3118 4430 esse,
3147 4377 3204 4422 et
3235 4369 3382 4438 apud
3415 4368 3586 4424 Deum
3614 4384 3740 4426 esse
3768 4390 3782 4424 ε

2191 4472 2246 4516 et
2277 4462 2539 4516 erudiens
2580 4461 2765 4516 effecit
2813 4461 2954 4516 alios
3009 4461 3206 4530 spiritu
3245 4463 3608 4532 apostolicos,
3651 4479 3784 4534 pro-

399 4581 408 4594 -
503 4569 628 4607 cum
660 4553 951 4608 Servatore
973 4569 1324 4624 comparans.
1359 4555 1410 4608 in
1435 4569 1501 4610 eo
1523 4555 1668 4624 quod
1699 4554 2086 4610 venerabiliter
2120 4549 2163 4603 D
2196 4565 2382 4624 pterea
2425 4554 2572 4623 quod
2619 4553 3080 4624 evangelistarum
3139 4553 3406 4608 divinitus
3452 4557 3784 4624 inspiratum

500 4647 840 4716 exprimatur
861 4646 1084 4717 elligies,
1116 4647 1222 4702 hoc
1264 4646 1502 4704 affirmas
1557 4647 1676 4703 sine
1711 4648 1859 4701 omni
1890 4647 2086 4702 distin--

501 4739 725 4804 ctione:
777 4737 1047 4808 numquid
1078 4739 1463 4793 contumeliam
1519 4747 1575 4792 et
1623 4739 1882 4799 dedecus,
1941 4737 2085 4808 quod

497 4829 644 4892 Jovi,
694 4830 784 4899 qui
845 4829 984 4884 falso
1035 4829 1267 4893 dicitur,
1319 4829 1552 4896 tribuis,
1614 4840 1818 4884 sancta
1867 4844 2087 4899 quoque

499 4923 700 4976 Christi
731 4923 923 4978 formae
959 4923 1182 4977 iuures?
1219 4922 1418 4978 Audivi
1453 4923 1600 4978 enim
1637 4934 1690 4978 te
1720 4925 1903 4978 inania
1933 4941 2086 4994 qure-

499 5017 625 5072 dam
660 5015 974 5084 hujusmodi
1009 5015 1284 5070 adducere
1318 5031 1382 5071 ac
1418 5016 1718 5082 blaterare,
1755 5025 1808 5071 et
1861 5016 1948 5082 iis,
1991 5016 2086 5085 qui

500 5129 530 5164 a
560 5109 767 5166 Christi
797 5116 1066 5166 vocantur
1091 5110 1338 5174 nomine,
1361 5119 1418 5164 et
1443 5109 1728 5181 'frinitatis
1753 5109 1942 5181 gloriae
1969 5111 2086 5164 cnl-

501 5211 642 5268 tum,
678 5203 944 5258 honorem
979 5212 1036 5257 et
1077 5203 1249 5258 solam
1285 5179 1858 5259 latrite'adorationem
1891 5202 2086 5258 invisi-

501 5294 685 5350 biliter
703 5302 762 5350 et
787 5303 995 5349 canunt
1023 5302 1075 5348 et
1091 5294 1359 5360 tribuunt,
1381 5293 1658 5350 intentare
1683 5292 1890 5350 crimen
1909 5292 2081 5348 idolo-

501 5387 694 5452 latriae,
735 5395 792 5442 et
824 5387 1064 5459 maligne
1097 5385 1330 5443 miscere
1387 5404 1509 5459 quae
1536 5403 1648 5444 non
1684 5395 1918 5457 possunt
1947 5386 2088 5443 inter

500 5491 560 5532 se
583 5478 902 5534 convenire.
935 5479 1056 5534 Non
1077 5479 1177 5535 das
1202 5480 1576 5536 differentiam
1602 5479 1859 5550 imaginis
1881 5477 2086 5534 Christi

500 5580 556 5624 et
591 5567 867 5624 simulacri
913 5568 1108 5625 Jovis?
1153 5570 1270 5626 Non
1306 5572 1545 5627 honoras
1577 5570 1892 5635 Christum,
1941 5569 2087 5638 quod

573 5704 686 5776 (62)
725 5703 804 5760 ita
837 5707 979 5777 apud
1015 5705 1383 5776 Nicephorum
1418 5708 1592 5763 sancti
1624 5706 1838 5761 Tarasii
1867 5721 2090 5761 succes~

503 5793 681 5848 sorem
731 5778 784 5830 iu
837 5777 1099 5846 Catalogo
1130 5781 1513 5848 eplscotiorum
1568 5778 1832 5848 Byzantii.
1876 5777 2087 5848 primus

507 5845 745 5900 Andreas
778 5845 1060 5920 apostolus
1095 5845 1274 5918 prince
1319 5849 1562 5920 Byzantii
1613 5845 1718 5902 fuit
1770 5847 2084 5920 Evangelii;

507 5920 778 5970 exstruxit
808 5918 1002 5984 aedem,
1037 5919 1089 5971 in
1119 5936 1222 5988 qua
1255 5918 1512 5990 precibus
1549 5921 1652 5988 piis
1686 5919 2077 5988 implorarw'tur

2191 4648 2644 4711 instrumentum,
2690 4657 2751 4702 ut
2794 4662 3030 4716 quorum
3072 4661 3207 4702 voce
3249 4649 3442 4702 mundi
3493 4649 3646 4704 salus
3697 4665 3786 4705 re-

2190 4750 2367 4802 sonet,
2407 4739 2459 4794 in
2515 4739 2801 4804 Ecclesiis,
2843 4755 2964 4810 quae
3017 4748 3176 4795 erant
3233 4741 3437 4810 ubique
3471 4751 3780 4807 terrarum,

2190 4832 2467 4887 coloribus
2497 4826 2815 4902 expressum
2848 4832 3243 4893 materialibus,
3273 4835 3676 4890 convenienter
3703 4835 3784 4890 di-

2190 4924 2332 4980 vina:
2357 4933 2415 4978 et
2445 4934 2687 4994 paternae
2718 4925 2996 4979 traditioni
3037 4925 3266 4994 jusserit
3295 4944 3308 4978 :
3337 4936 3398 4981 ut
3427 4942 3585 4983 mens
3629 4944 3782 4984 com-

2190 5028 2393 5086 puncta
2423 5032 2522 5088 per
2553 5017 2926 5089 evangelii-am
2959 5033 3280 5089 sacramque
3310 5019 3542 5092 eﬂigiem
3565 5029 3621 5076 et
3653 5037 3780 5076 san-

2190 5110 2434 5164 ctitatem
2467 5108 2533 5164 ad
2576 5107 2770 5173 Deum,
2797 5109 2892 5178 qui
2934 5107 3052 5164 haec
3083 5110 3164 5164 eis
3195 5110 3501 5180 inspiravit,
3536 5112 3780 5168 multifa-

2193 5201 2328 5255 riam
2361 5201 2626 5256 honorem
2657 5200 3076 5266 transmitteret,
3105 5211 3162 5256 et
3189 5201 3505 5264 efﬁceretur
3534 5213 3786 5275 recepta-

2193 5292 2381 5348 culum
2441 5291 2881 5348 venerandarum
2929 5291 3300 5348 auditionem.
3329 5292 3566 5349 Andreas
3625 5310 3782 5362 vero,

2190 5383 2285 5453 qui
2343 5382 2450 5444 fuit
2484 5391 2708 5439 vocatus
2741 5382 2952 5454 primus
2979 5399 3044 5438 ex
3077 5384 3340 5454 apostolis
3376 5382 3558 5455 (Joaa.
3598 5400 3636 5452 ι,
3661 5383 3782 5454 41)),

2190 5476 2330 5532 adeo
2379 5475 2483 5530 fuit
2512 5476 2852 5547 propinquus
2895 5486 2952 5530 et
2983 5477 3312 5546 conjunctus
3337 5493 3603 5549 germano
3656 5478 3786 5534 vita!

2192 5568 2462 5632 instituto,
2499 5575 2561 5622 ut
2587 5566 2702 5638 (62)
2735 5567 2979 5624 habenas
3004 5567 3247 5638 ejusdem
3279 5570 3568 5639 pastoralis
3595 5571 3782 5626 cathe-

2193 5701 2358 5766 Dcus,
2391 5702 3202 5776 ultraregionem_Argyropoli
3225 5747 3238 5766 ,
3271 5713 3321 5757 et
3355 5703 3632 5776 ordinavit
3665 5707 3782 5776 cri-

2191 5787 2420 5848 seopum
2480 5773 2636 5848 urbis
2660 5772 2814 5848 illius
2838 5772 3114 5848 __Stachyn,
3148 5777 3308 5844 (erijus
3340 5775 3592 5848 meminit
3632 5772 3781 5848 Apo-

2193 5845 2366 5902 stolus
2395 5844 2449 5899 in
2479 5843 2708 5914 cpistola
2739 5844 2806 5898 ad
2837 5842 3134 5910 llomanos,
3167 5842 3285 5916 cap.
3325 5861 3431 5910 ll‘l,
3467 5845 3522 5899 9.
