4026 6392
333 401 457 468 lii“!

1864 411 2064 472 VITA.

3446 403 3585 471 1418

325 515 932 584 dem,posttotstecula,
964 517 1059 571 sed
1085 531 1315 571 numero
1337 518 1495 572 valde
1528 518 1897 588 multiplicata:
1926 527 1969 581 Α
1999 520 2243 589 pretioso
2283 518 2373 572 illo
2422 516 2714 589 sanguine,
2757 531 2921 585 quem
2969 516 3283 580 ostendens,
3320 516 3484 571 dabat
3519 518 3584 572 ad

326 605 606 674 acceperit,
637 617 694 660 et
718 606 785 659 ad
826 614 1027 661 metam
1054 609 1293 664 caelestis
1321 623 1539 664 cursus.
1553 624 1771 681 gregem
1795 626 1891 679 per

327 700 575 751 virtutem
598 696 907 765 deduxerit,
932 707 988 753 et
1006 700 1251 755 victoriae
1272 700 1353 755 eis
1378 715 1541 755 causa
1569 700 1736 756 fuerit
1764 716 1897 756 con-

328 800 401 843 tra
431 788 792 845 adversarios.
830 790 1002 845 Paulo
1052 799 1236 845 autem
1283 791 1388 846 fuit
1414 792 1697 863 colligatus
1722 793 1776 847 in
1806 809 1894 858 eo,

325 882 459 951 quod
496 881 551 933 in
580 881 830 936 docendo
857 884 1064 952 primas
1109 893 1292 954 partes
1327 885 1649 941 obtinuerit.
1695 884 1894 941 Totum

323 972 461 1025 enim
492 972 760 1027 mundum
785 974 937 1029 verbi
967 975 1202 1030 nexibus
1218 976 1489 1031 inclusum
1515 978 1659 1031 intra
1678 977 1896 1033 decreta

321 1061 708 1127 ecclesiastica,
738 1064 1015 1134 sapienter
1033 1065 1186 1121 eﬁ‘eci
1196 1075 1224 1120 t-
1234 1068 1495 1138 populum
1525 1066 1639 1124 Deo
1655 1069 1898 1139 acquisi-

324 1163 430 1208 tum
481 1161 539 1209 et
588 1155 772 1226 regale
822 1156 1212 1213 sacerdotium.
1266 1156 1489 1213 Petrum
1546 1173 1701 1222 vero,
1734 1158 1896 1229 quod

321 1246 612 1300 multorum
645 1256 864 1316 patrum
895 1263 1143 1304 summus
1176 1249 1249 1304 sit
1276 1251 1603 1321 appellatus,
1647 1260 1705 1306 et
1748 1250 1896 1321 quod

320 1337 368 1392 ei
396 1338 667 1394 creditum
687 1339 854 1396 fuerit
877 1341 1047 1413 ligare
1066 1352 1123 1397 et
1144 1342 1380 1409 solvere,
1406 1358 1747 1415 quascunque
1766 1355 1899 1400 sunt

318 1428 533 1483 vinculo
570 1429 735 1501 digna
767 1438 824 1486 et
861 1432 1156 1498 solutione,
1184 1433 1403 1489 abunde
1431 1435 1722 1504 expressit;
1756 1433 1892 1491 Cum

317 1518 660 1576 Pmurmre
687 1523 1084 1579 convenienter
1128 1525 1351 1596 quidem
1401 1526 1475 1591 ei,
1529 1526 1624 1597 qui
1657 1526 1727 1582 ab
1778 1527 1897 1598 ipso

318 1612 416 1667 fuit
444 1613 757 1683 praedictus,
790 1623 848 1668 et
889 1615 1028 1670 dixit
1055 1616 1318 1686 majorem
1361 1615 1577 1673 Joanne
1624 1633 1736 1673 non
1771 1634 1917 1674 sur-,

314 1705 519 1759 rexisse
570 1704 716 1760 inter
747 1711 907 1762 natos
938 1708 1232 1763 mulierum
1265 1708 1485 1779 (Matth.
1512 1726 1590 1775 ιι,
1632 1709 1752 1780 Η),
1778 1727 1894 1766 non

314 1795 718 1851 audendumest
733 1812 860 1852 eum
889 1796 946 1851 in
977 1798 1166 1854 multis
1189 1798 1461 1866 conferre,
1492 1801 1599 1855 nisi
1626 1802 1802 1857 solum
1836 1803 1892 1858 in

313 1886 420 1941 acri
456 1897 513 1942 et
565 1888 855 1960 praefracta
879 1889 1137 1946 libertate
1164 1892 1627 1960 reprehendendi,
1663 1894 1893 1965 zeloque

312 1976 400 2044 qui
430 1979 659 2048 reprimi
702 1994 816 2034 non
847 1987 1086 2049 poterat,
1116 1979 1495 2038 alﬁrmandum
1518 1992 1604 2040 est
1623 1999 1733 2039 non
1764 2000 1895 2056 pro-

310 2068 396 2123 cul
452 2070 702 2127 abfuisse
742 2070 1053 2127 Tarasium.

374 2160 466 2216 45.
517 2160 589 2218 Ut
639 2169 826 2217 autem
859 2178 985 2217 eum
1023 2179 1242 2234 quoque
1284 2165 1493 2219 videas'
1508 2166 1705 2220 merito
1737 2168 1893 2237 sequi

310 2267 424 2318 eos,
447 2254 546 2323 qui
584 2253 892 2327 ﬂoruerunt
919 2262 1048 2308 ante
1076 2255 1340 2324 gratiam,
1388 2255 1520 2310 hinc
1560 2257 1723 2311 scies.
1755 2256 1892 2311 Cum

308 2345 569 2400 divinitus
597 2358 746 2401 moto
766 2354 912 2401 cmtu
939 2346 1329 2417 prophetarum
1348 2348 1684 2417 conspiravit
1704 2349 1893 2403 divino

308 2437 504 2508 spiritu
555 2437 856 2508 inspiratus
885 2452 899 2489 :
929 2438 1374 2507 quandoquidem
1420 2438 1499 2492 illi
1533 2440 1756 2508 quidem
1794 2455 1893 2511 po-

309 2529 453 2597 pulo,
485 2529 581 2598 qui
608 2528 748 2585 duce
770 2528 921 2584 lose
953 2544 1054 2599 per
1078 2544 1234 2583 mare
1277 2527 1525 2585 Rubrum
1556 2546 1735 2600 nuper
1770 2531 1893 2585 fue-

308 2629 389 2676 rat
427 2636 459 2676 a
492 2621 632 2678 dura
662 2620 931 2676 servitute
963 2620 1246 2687 liberatus,
1279 2630 1335 2676 et
1380 2622 1451 2676 ab
1492 2622 1690 2678 insano
1736 2624 1887 2679 cultu

309 2712 577 2769 idolorum
613 2712 1011 2769 admirabiliter
1042 2713 1356 2777 transierat,
1391 2724 1514 2784 post
1546 2715 1792 2771 divinum
1820 2717 1887 2771 il-

306 2802 414 2858 lum
462 2802 562 2859 Dei
594 2804 1108 2874 contemplatorem,
1140 2805 1408 2861 salutares
1460 2815 1650 2875 portus
1688 2807 1889 2863 divini-

308 2902 393 2949 tus
409 2896 732 2959 adfuerunt,
764 2894 1069 2965 prophetia:
1098 2910 1329 2951 ancoras
1352 2898 1680 2965 relaxantes,
1709 2912 1767 2956 et
1794 2916 1888 2956 va-

305 2985 426 3042 lidis
456 2986 683 3057 pietatis
711 2987 994 3057 alligantes
1018 2987 1363 3051 rudentibus,
1394 2997 1451 3044 et
1476 2988 1611 3044 citra
1642 3005 1886 3048 errorem

306 3079 641 3136 deducentes
667 3078 739 3134 ad
793 3088 992 3133 terram
1023 3079 1134 3145 jDei
1166 3080 1514 3151 cognitionis.
1562 3080 1662 3138 Hic
1705 3094 1888 3141 autem

305 3170 628 3238 Ecelesiam,
662 3187 789 3241 quae
826 3186 938 3225 non
964 3186 1125 3226 secus
1152 3186 1217 3227 ae
1245 3173 1441 3244 cymba
1466 3176 1521 3229 in
1550 3176 1687 3230 mari
1717 3176 1890 3247 agita-
1914 3205 1958 3263 ο

304 3264 463 3319 batur
492 3263 772 3330 fluctibus,
806 3271 863 3318 et
885 3264 1143 3318 veniebat
1173 3264 1231 3318 in
1265 3264 1596 3334 periculum,
1634 3281 1705 3320 ne
1735 3266 1886 3321 face-

305 3364 384 3409 ret
405 3356 682 3426 jacturam
710 3369 927 3421 eorum,
957 3369 1096 3425 quos
1130 3353 1385 3420 vehebat,
1422 3365 1710 3427 propterea
1738 3358 1884 3427 quod

304 3446 522 3502 deesset
545 3446 756 3516 peritus
788 3446 1143 3517 gubernator,
1170 3445 1265 3515 qui
1296 3445 1580 3501 resisteret
1607 3445 1884 3511 fluetibus,

303 3554 448 3596 sana:
482 3539 612 3594 ﬁdei
642 3539 798 3594 clavo
832 3553 1050 3609 regens,
1098 3538 1156 3592 in
1186 3546 1351 3607 portu
1377 3538 1611 3595 collocat
1639 3556 1654 3593 :
1681 3549 1738 3594 et
1767 3555 1885 3605 eos,

301 3633 392 3701 qui
421 3641 586 3688 erant
624 3631 682 3687 in
709 3646 793 3697 ea.
828 3640 1200 3695 conservatos,
1230 3630 1424 3687 idoliea
1448 3640 1505 3687 et
1530 3646 1691 3695 vana,
1720 3646 1885 3702 quam

300 3723 357 3778 in
386 3725 573 3797 lingua
598 3724 877 3780 habebant
902 3724 1169 3780 adversus
1187 3738 1373 3780 sacras
1398 3724 1685 3795 imagines,
1707 3724 1884 3779 ablata

301 3817 585 3886 opinione,
612 3816 971 3887 synodalibus
993 3816 1349 3887 paternisque
1373 3824 1427 3870 et
1454 3816 1633 3872 rectis.
1649 3816 1887 3873 cireum—

304 3910 526 3969 vallavit
569 3909 828 3965 decretis.
886 3908 1024 3963 Cum
1072 3917 1427 3964 sacrosancto
1471 3917 1656 3963 autem
1710 3910 1886 3977 psalle

304 4001 474 4056 David
505 3999 785 4056 concurrit
824 4000 879 4054 in
941 3999 1276 4062 innocentia,
1307 4009 1365 4053 et
1401 4014 1527 4054 eum
1555 4014 1623 4054 eo
1654 3998 1886 4069 diligens

248 4154 251 4157 η
298 4094 561 4148 decorem
600 4092 798 4147 domus
829 4090 1069 4158 Domini,
1103 4107 1216 4147 non
1248 4092 1399 4147 dedit
1425 4106 1678 4147 somnum
1709 4091 1885 4149 oculis

299 4195 355 4240 et
376 4185 656 4257 palpebris
680 4183 1150 4247 dormitationem,
1170 4195 1229 4239 et
1250 4185 1498 4256 requiem
1521 4186 1882 4255 temporibus,

300 4275 477 4332 donec
506 4270 751 4346 seipsum
802 4275 1081 4346 exemplar
1109 4275 1343 4331 Domino
1371 4283 1427 4330 et
1460 4275 1882 4335 tabernaculum

300 4367 412 4422 Deo
438 4366 631 4433 Jacob,
679 4366 824 4423 sicut
863 4367 975 4432 ille,
1024 4367 1294 4424 exhibuit.
1343 4368 1472 4424 Zelo
1526 4376 1709 4423 motus
1757 4387 1882 4426 eum

274 4457 557 4524 -Phinees,
586 4458 837 4515 haeresim
865 4470 923 4514 et
954 4459 1074 4529 ejus
1116 4470 1392 4518 amatores
1437 4472 1697 4534 tanquam
1740 4480 1884 4518 vera:

1997 611 2305 666 debitorum
2337 609 2535 665 animae
2556 609 2906 664 solutionem.
3214 674 3219 679 ο

2067 704 2157 758 46.
2186 702 2388 758 Mosem
2419 710 2603 757 autem
2625 699 2898 771 expressit
2929 700 2982 753 in
3009 715 3096 765 eo,
3128 700 3274 770 quod
3301 711 3450 755 esset
3480 702 3585 754 mi-

1999 795 2089 858 tis,
2120 801 2177 849 et
2207 795 2264 847 in
2286 793 2501 847 nullum
2533 792 2835 847 ostenderit
2873 791 3163 862 vestigium
3195 790 3308 844 odii
3335 800 3391 845 et
3420 792 3587 845 male-

1997 878 2271 953 volentia,
2307 885 2524 941 etiamsi
2554 884 2745 940 furiosi
2776 893 2832 939 et
2866 884 3135 949 malevoli,
3168 882 3348 938 Patris
3375 883 3583 938 Tarasii

1968 978 2213 1035 dicendi
2249 977 2579 1044 libertatem,
2606 992 2729 1047 quae
2771 978 2840 1033 ad
2886 975 3263 1047 insipientium
3292 975 3587 1045 spectabat

1996 1069 2421 1136 correctionem,
2448 1070 2584 1125 iram
2612 1078 2669 1125 et
2692 1067 2879 1124 odium
2904 1082 3027 1123 esse
3055 1068 3197 1122 male
3221 1067 3581 1137 conjeeerint.

1996 1160 2247 1217 Gustavit
2275 1160 2397 1217 Jobi
2427 1160 2779 1228 tentationes,
2816 1157 3032 1215 etiamsi
3066 1153 3176 1213 non
3216 1157 3273 1212 in
3321 1157 3489 1215 rebus
3506 1158 3584 1213 si-

1996 1252 2242 1309 milibus.
2267 1250 2405 1308 Cum
2428 1250 2600 1308 Iacob
2619 1258 2682 1306 ut
2702 1249 2890 1323 gratia;
2912 1248 3176 1313 Israelita,
3198 1257 3255 1304 et
3276 1248 3584 1321 appellatus

1995 1351 2177 1404 mens,
2206 1352 2331 1408 qua
2354 1336 2529 1393 Deum
2556 1336 2797 1402 videbat,
2832 1334 2995 1390 simul
3027 1344 3294 1406 purgatus
3337 1334 3583 1390 sanctiﬁo

1996 1437 2156 1485 eatur
2209 1422 2395 1484 anima
2439 1438 2497 1486 et
2523 1427 2878 1500 cogitatione.
2912 1425 3087 1483 Simul
3124 1440 3250 1481 eum
3294 1425 3448 1482 Isaae
3480 1425 3584 1483 fuit

1995 1520 2514 1589 ﬁdegsanctiﬁcatus,
2545 1519 2761 1576 etiamsi
2788 1534 2901 1575 non
2930 1533 2962 1575 a
2991 1527 3171 1590 patre,
3218 1517 3313 1574 sed
3343 1517 3460 1589 ipse
3489 1532 3584 1574 eor

1997 1628 2159 1668 suum
2184 1612 2243 1667 in
2280 1613 2663 1669 holocaustum
2689 1612 2973 1669 oll‘erens:
3005 1625 3243 1681 cumque
3278 1610 3471 1666 fuisset
3502 1610 3583 1664 vi-

1997 1707 2162 1761 ctima
2213 1715 2270 1761 et
2325 1706 2625 1772 sacriﬁcus,
2671 1707 2726 1760 in
2778 1704 3007 1759 odorem
3051 1704 3341 1759 suavitatis
3388 1703 3584 1761 obtulit

1997 1798 2430 1869 pulcherrimum
2478 1800 2592 1854 Deo
2620 1796 2968 1853 sacriﬁcium.
2998 1794 3135 1851 Cum
3158 1852 3161 1855 ,
3184 1795 3481 1859 Abraham,
3517 1811 3584 1850 eo

1997 1890 2143 1961 quod
2178 1890 2347 1958 fuerit
2397 1900 2565 1961 pater-
2600 1889 2862 1961 spiritalis
2909 1887 3203 1943 multarum
3256 1888 3498 1943 tribuum
3530 1898 3583 1943 et

1998 1981 2347 2053 populorum,
2387 1990 2443 2038 et
2487 1982 2805 2046 crediderit,
2853 1989 2911 2035 et
2943 1980 3017 2045 ei,
3047 1979 3140 2051 qui
3184 1994 3309 2034 eum
3353 1979 3580 2045 fecerat,

1996 2092 2135 2147 pure
2164 2075 2437 2140 servierit,
2461 2059 2768 2131 divinarum
2795 2072 3223 2145 promissionum
3247 2071 3480 2126 fructum
3500 2082 3583 2126 est

1995 2176 2347 2237 consecutus,
2374 2166 2487 2221 Sed
2510 2166 2639 2237 quid
2667 2165 2787 2236 ejus
2807 2165 3074 2220 virtutum
3096 2163 3405 2218 transmitte
3434 2180 3581 2218 mare

1994 2258 2371 2313 Atlanticum?
2400 2256 2748 2328 Imponamus
2784 2271 2912 2326 ergo
2945 2255 3108 2310 rebus
3147 2254 3580 2320 conclusionem,

1993 2358 2051 2404 et
2085 2366 2150 2405 ex
2205 2350 2472 2420 prooemio
2529 2348 2692 2403 ﬁnem
2731 2346 3051 2410 elﬁciamus,
3096 2354 3151 2401 ct
3193 2362 3264 2401 ne
3310 2346 3582 2416 promisso

1993 2455 2108 2494 non
2138 2451 2284 2495 stare
2316 2455 2630 2511 arguamur,
2662 2440 2787 2511 plus
2815 2454 2981 2510 quam
3015 2454 3114 2510 par
3167 2440 3237 2492 sit
3273 2441 3581 2509 producen-

1994 2541 2077 2587 tes
2105 2532 2431 2590 orationem.

2609 2623 2836 2680 CAPUT
2876 2623 2968 2679 Xl.

2027 2713 2213 2771 Sancti
2239 2716 2446 2771 Tarasii
2472 2725 2729 2783 senectus,
2760 2717 2989 2784 morbus,
3010 2716 3202 2782 obitus,
3226 2717 3522 2785 sepultura.

2062 2808 2152 2863 47.
2191 2808 2319 2865 Post
2341 2808 2577 2880 plurima
2614 2808 2764 2864 enim
2801 2807 3123 2873 certamina,
3151 2815 3207 2861 et
3242 2805 3577 2876 profundum

1991 2898 2257 2954 doctrina:
2305 2897 2602 2965 inﬁnitum,
2633 2905 2691 2952 et
2722 2897 2848 2954 vim
2885 2896 3133 2971 honesta:
3160 2894 3477 2965 puritatem,
3524 2905 3582 2948 et

1989 3005 2135 3045 verae
2163 2988 2291 3045 ﬁdei
2322 2988 2745 3055 confessionem,
2776 2997 2834 3043 et
2877 2987 3093 3043 ratione
3141 2986 3355 3057 praediti
3401 2988 3584 3058 gregis

1989 3082 2056 3137 ad
2098 3097 2185 3148 ea,
2218 3098 2340 3152 quae
2391 3091 2520 3136 sunt
2549 3080 2930 3152 praestantiora
2963 3090 3020 3136 et
3047 3080 3252 3147 divina,
3288 3079 3409 3149 ejus
3457 3094 3581 3133 mo-

1991 3172 2122 3228 nitis
2151 3173 2558 3239 deductionem,
2603 3182 2659 3228 et
2687 3173 2743 3229 in
2779 3173 2988 3229 alendis
3016 3172 3352 3244 pauperibus
3389 3173 3580 3242 copio—

1993 3279 2109 3319 sam
2138 3260 2657 3334 suppeditationem,
2688 3276 2745 3319 et
2762 3265 3038 3319 assiduam
3062 3264 3266 3319 sanctis
3292 3265 3456 3320 rebus
3482 3266 3578 3320 da-

1992 3363 2100 3407 tam
2132 3369 2378 3422 operam,
2406 3353 2535 3407 etin
2561 3353 2820 3423 pastorali
2845 3368 3077 3407 munere
3098 3352 3411 3407 diuturnam
3455 3370 3578 3409 mo-

1990 3460 2106 3499 ram
2135 3444 2345 3515 (viginti
2401 3445 2547 3499 enim
2579 3455 2636 3500 et
2681 3445 2820 3500 duos
2843 3443 2955 3514 (65)
2994 3459 3170 3500 annos
3205 3444 3576 3514 pontiﬁcalem

1988 3536 2267 3592 decoravit
2313 3536 2681 3608 cathedram),
2714 3537 2979 3609 ingruens
3033 3537 3260 3593 morbus
3315 3547 3369 3593 et
3420 3539 3577 3595 valde

1988 3646 2207 3703 gravem
2240 3630 2293 3685 ei
2314 3630 2559 3687 dolorem
2595 3630 2853 3696 aﬂerens,
2881 3646 2990 3686 non
3022 3630 3316 3701 persuasit,
3348 3640 3409 3685 ut
3437 3631 3577 3686 obli-

1988 3723 2295 3780 visceretur
2324 3724 2575 3795 perpetui
2613 3732 2671 3780 et
2701 3723 2876 3780 divini
2903 3722 3085 3779 ofﬁcii.
3136 3722 3272 3778 Nam
3304 3733 3359 3779 et
3382 3725 3576 3780 morbo

1988 3827 2044 3873 et
2067 3817 2222 3873 senio
2243 3817 2516 3883 laborans,
2539 3832 2887 3888 nequaquam
2909 3817 3213 3872 satiabatur
3243 3819 3572 3874 sacrosancti

1949 3907 1954 3910 ’
1987 3909 2229 3981 mysterii
2262 3909 2651 3973 celebratione,
2686 3909 2782 3964 sed
2831 3908 3050 3963 intenso
3088 3910 3155 3964 ad
3184 3909 3356 3965 Deum
3388 3926 3574 3964 amore

1986 4002 2208 4067 ardens,
2235 4009 2291 4056 et
2320 3999 2493 4055 morbi
2541 4000 2745 4055 nullam
2772 3999 2980 4055 ducens
3012 4000 3303 4065 rationem,
3354 4011 3574 4070 pectore

1987 4092 2233 4147 innitens
2266 4107 2470 4147 mensae
2500 4091 2714 4163 ligneae,
2744 4106 2866 4161 qua:
2907 4091 3218 4162 peuebatur
3268 4102 3396 4147 ante
3424 4107 3573 4146 aram

1985 4182 2248 4248 divinam,
2276 4189 2467 4237 sancta
2495 4181 2812 4253 peragebat.
2837 4179 2882 4237 Ο
2914 4182 3079 4238 ﬁdem
3105 4192 3160 4237 et
3184 4183 3488 4252 sapientem
3517 4183 3572 4236 in

1986 4274 2151 4329 rebus
2178 4273 2382 4329 divinis
2411 4272 2783 4345 diligentiam!
2818 4288 2852 4329 o
2871 4272 3285 4330 interminatum
3313 4274 3367 4353 in
3401 4274 3572 4331 Deum

1984 4382 2227 4423 amorem
2251 4368 2264 4422 l
2292 4366 2412 4422 Non
2436 4367 2584 4423 enim
2610 4382 2799 4423 curam
2819 4367 3042 4438 gerebat
3064 4367 3331 4438 corporis,
3360 4378 3420 4423 ut
3447 4383 3572 4423 cum

1984 4476 2167 4515 rerum
2225 4458 2535 4514 divinarum
2574 4474 2699 4514 eum
2752 4459 2988 4530 cepisset
3031 4459 3278 4522 satietas,
3318 4459 3575 4530 mysteria

295 4551 679 4607 fornicationis
717 4552 1121 4607 introductores
1165 4562 1224 4607 et
1269 4554 1580 4631 dnginatum
1617 4554 1881 4611 adulteri-
1918 4555 1960 4610 ο
1988 4553 2173 4608 divina
2205 4551 2653 4623 interrumperet,
2696 4550 2794 4606 sed
2844 4550 3121 4606 laboribus
3164 4551 3569 4616 cortoboratus,

295 4659 497 4700 norum
516 4643 824 4717 'genitores,
849 4644 1112 4700 confodit.
1142 4644 1378 4701 Aaronis
1396 4649 1676 4717 superavit
1704 4652 1885 4705 sacer;

294 4735 531 4791 dolium.
561 4735 681 4793 Non
713 4736 859 4792 enim
905 4736 1271 4792 tintinnabula
1306 4748 1364 4794 et
1396 4739 1541 4795 mala
1577 4740 1800 4810 punica,
1831 4751 1886 4796 et

293 4825 505 4895 lapides
529 4827 771 4896 pectoris
798 4837 855 4882 et
886 4826 1375 4897 superhumeralis,
1401 4845 1583 4900 neque
1616 4832 1798 4893 mitra,
1829 4841 1884 4886 et

293 4916 512 4983 cidaris,
541 4926 599 4973 et
625 4918 833 4984 talaris,
857 4928 913 4974 et
954 4919 1075 4974 auri
1118 4919 1338 4987 lamina,
1380 4920 1531 4977 hunc
1559 4922 1700 4977 sicut
1728 4922 1880 4977 illum

292 5008 587 5071 amiciebat
639 5010 748 5064 ritu
801 5011 1122 5077 sacerdotis,
1178 5027 1356 5081 neque
1409 5013 1736 5077 sacriﬁcium
1784 5029 1883 5085 per

293 5100 621 5169 sanguinem
652 5110 931 5156 taurorum
977 5110 1036 5156 et
1081 5102 1382 5168 hircorum,
1415 5105 1536 5174 ejus
1588 5114 1640 5158 et
1696 5103 1879 5177 p0puli

290 5189 549 5256 expiabat
577 5188 914 5260 ignorantias
944 5208 958 5244 :
998 5192 1092 5246 sed
1124 5193 1442 5249 moderatus
1482 5192 1717 5250 amictus
1754 5212 1879 5251 cum

291 5279 489 5347 spiritu
542 5280 901 5350 paupertatis,
934 5299 1058 5337 eum
1113 5283 1376 5338 reddebat
1412 5284 1779 5353 splendidum,
1824 5298 1881 5341 et

290 5369 449 5440 legali
488 5373 807 5435 liolocausto
836 5384 996 5428 erant
1029 5375 1348 5441 sacratiora,
1386 5392 1509 5446 qua:
1540 5377 1608 5431 ab
1644 5394 1711 5432 eo
1739 5378 1877 5435 offe-

290 5461 556 5515 rebantur
587 5480 600 5515 :
632 5470 694 5515 ut
729 5462 823 5532 qui
868 5478 1090 5535 agnum,
1124 5466 1217 5535 qui
1265 5466 1402 5520 tollit
1440 5467 1626 5522 tnundi
1682 5484 1876 5537 pecca-

291 5562 434 5615 tum,
464 5555 745 5610 Christum
773 5557 1112 5612 sacriﬁcaret
1137 5560 1306 5613 sacris
1349 5558 1786 5616 invocationinus
1820 5572 1877 5616 et

290 5642 532 5701 fidelium
565 5647 918 5703 distribueret
940 5648 1218 5715 manibus,
1250 5658 1306 5704 et
1329 5665 1522 5707 omnes
1558 5666 1875 5725 aspergeret

362 5825 480 5894 (65)
519 5826 634 5882 Non
663 5829 986 5895 completos,
1018 5837 1074 5881 ut
1100 5843 1265 5897 supra
1305 5828 1536 5884 didam.

607 5946 878 6007 PATROL.
926 5949 1044 6007 Gn.
1096 5947 1371 6009 XCVIII.

1987 4653 2187 4699 etcum
2221 4642 2387 4705 Paulo
2415 4643 2698 4699 clamans:
2729 4643 2865 4699 Cum
2904 4635 3172 4711 infirmor,
3210 4653 3343 4701 tunc
3377 4652 3570 4713 potens

1986 4751 2109 4791 sum
2141 4735 2189 4806 (1
2201 4734 2230 4789 I
2261 4734 2383 4791 Cor.
2415 4750 2513 4803 xu,
2537 4735 2647 4809 10),
2680 4736 2880 4801 acriter
2914 4734 3139 4791 vacabat
3168 4733 3567 4797 divinoeultui.

2055 4827 2144 4882 48.
2188 4827 2419 4882 lnvaluit
2450 4841 2579 4897 ergo
2609 4826 2851 4892 morbus,
2885 4832 2941 4879 et
2977 4839 3105 4879 eum
3132 4825 3201 4879 de
3225 4835 3426 4881 caetero
3451 4842 3573 4881 ces-

1984 4935 2107 4974 sare
2153 4919 2361 4975 faciens
2413 4936 2444 4974 a
2496 4919 2808 4975 divinorum
2860 4920 3202 4989 operatione,
3258 4918 3308 4973 ei
3361 4920 3573 4988 paravit

1984 5012 2185 5066 lectum
2220 5010 2573 5075 inﬁrmitatis,
2602 5010 2750 5081 quod
2783 5010 2988 5065 utinam
3024 5028 3138 5066 non
3169 5012 3392 5066 fecisset
3441 5021 3571 5067 ante

1982 5107 2172 5161 oculos
2198 5120 2409 5170 eorum,
2440 5104 2534 5175 qui
2561 5119 2687 5158 eum
2711 5119 2990 5174 nunquam
3016 5104 3070 5159 in
3097 5105 3239 5160 lecto
3267 5118 3571 5173 conspexe—

1981 5206 2139 5265 rant.
2162 5195 2337 5262 Tunc,
2375 5206 2505 5252 tunc
2531 5198 2591 5251 tit
2633 5197 2955 5253 miraculum
2979 5213 3183 5253 novum
3211 5207 3267 5253 et
3305 5196 3569 5263 terribile,
3634 5218 3645 5241 ιε

1954 5291 2126 5359 quod
2173 5304 2294 5353 nos,
2324 5288 2420 5358 qui
2473 5289 2786 5354 aderamus,
2821 5288 3186 5366 admiratione
3241 5288 3483 5358 implevit
3513 5303 3570 5345 rt

1980 5381 2198 5448 timore,
2230 5380 2480 5435 videntes
2507 5395 2635 5434 eum
2662 5380 2828 5436 veluti
2859 5380 2916 5434 in
2946 5382 3116 5437 extasi
3146 5421 3161 5446 ,
3186 5391 3242 5435 et
3269 5381 3565 5434 luctantem

1978 5490 2103 5527 cum
2159 5473 2507 5538 adversariis,
2557 5473 2652 5543 qui
2696 5489 2810 5528 non
2862 5473 3066 5528 cadunt
3123 5476 3226 5528 sub
3255 5487 3559 5544 aspectum.

1977 5567 2097 5621 Non
2137 5566 2282 5621 enim
2353 5568 2616 5622 adversus
2679 5583 2902 5623 carnem
2958 5579 3013 5624 et
3066 5568 3385 5641 sanguinem
3446 5578 3566 5623 erat

1976 5656 2024 5710 ei
2057 5667 2359 5723 certamen,
2417 5658 2509 5714 sed
2546 5658 2811 5737 adversus
2861 5658 3223 5729 principatus,
3299 5658 3565 5711 adversus

3152 5955 3232 6014 αδ
