4026 6392
485 359 524 425 ι]
543 359 638 428 119

1561 371 1622 430 S.
1661 371 1974 434 TARASII
2011 373 2520 440 PATRIARCH.E
2552 381 2662 442 CP.

3615 391 3752 460 μευ

475 483 818 578 _,pntestatcs,
848 475 1130 578 adversus
1167 476 1430 578 spiritalia
1470 479 1982 578 nequitite.(Ephes.
2008 496 2084 547 vt,
2114 503 2162 560 Α
2189 485 2495 555 obtinebat,
2535 488 2743 571 Patris,
2785 499 3045 562 tanquam
3097 495 3190 566 qui
3233 496 3503 554 contineri
3549 518 3748 578 posset,

496 567 612 636 12.)
662 566 946 637 Tanquam
991 570 1139 624 enim
1179 572 1353 626 verba
1406 571 1616 636 faciens
1635 587 1762 626 cum
1786 574 2081 644 aliquibus,

492 659 585 729 qui
610 675 736 714 eum
770 660 1174 729 cxaminabant,
1199 670 1256 716 et
1289 672 1430 718 actae
1461 663 1588 718 vitm
1615 663 1884 720 rationem
1919 665 1990 721 ab
2018 680 2086 721 eo

492 752 801 822 exigebant,
828 753 913 809 ita
967 768 1188 810 causam
1219 769 1393 810 suam
1433 757 1660 827 agebat.
1711 755 2084 823 Quamobrem

463 881 468 886 -
490 843 680 898 multis
704 834 993 900 videbatur
1011 861 1134 901 esse
1159 861 1286 900 reus
1306 846 1654 914 debendiget
1673 848 1944 904 rationem
1968 850 2086 906 red-

491 937 624 990 dere
654 936 979 1002 cxactionis,
1022 945 1146 992 erat
1163 951 1298 994 vero
1321 937 1530 1007 justum
1562 937 1829 1008 judicium
1854 941 2085 1011 superni

489 1029 679 1084 auxilii
720 1045 942 1086 omnem
1001 1029 1131 1087 vitae
1171 1031 1458 1086 maculam
1517 1031 1725 1100 eluere,
1777 1041 1834 1088 et
1869 1033 2082 1090 nullum

461 1124 638 1178 -illiuc
681 1123 829 1179 ferre
867 1121 1132 1179 delictum
1176 1141 1191 1178 :
1225 1123 1881 1194 appellari-autemlucis
1919 1125 2086 1195 parti-

2187 575 2422 645 cupiens
2467 563 2766 650 prohibere
2815 563 3152 650 decessum,
3229 588 3482 663 lacrymis

2184 667 2494 737 acerbeque
2521 685 2650 730 eum
2678 688 2948 732 revocans
2975 685 3032 733 et
3051 680 3408 750 amplectens,
3430 694 3487 741 et
3513 695 3752 760 tanquam

2183 773 2308 852 quae
2361 762 2658 852 multorum
2709 765 2982 823 bonorum
3039 783 3324 841 pateretur
3371 777 3752 852 amissionem,

2184 846 2416 916 perinde
2434 858 2618 922 atque
2643 853 2800 920 rivis,
2836 856 3118 928 rigabatur
3145 861 3426 936 lacrymis.

2255 938 2346 1014 δι.
2379 941 2642 1000 Ecclesiae
2685 956 2872 1005 autem
2907 949 3096 1008 laetitia
3133 955 3373 1014 deﬂebat
3419 960 3756 1024 utilissimum

2183 1044 2351 1125 suum
2381 1043 2827 1125 procuratorem,
2855 1041 3176 1120 agricolam,
3206 1046 3587 1118 plantatorem,
3615 1070 3754 1125 eum,

2182 1123 2279 1216 qui
2315 1123 2469 1178 omni
2502 1127 2646 1182 aetati
2687 1129 3097 1191 incrementum
3121 1137 3359 1194 dederat
3387 1141 3460 1197 ad
3487 1123 3756 1216 virtutem,

461 1216 686 1285 «apem,
718 1224 773 1270 et
805 1214 968 1270 simul
1019 1215 1176 1272 obire
1201 1215 1811 1271 orelestibusmaterim
1849 1217 2085 1286 experti-

461 1306 596 1362 -bus
617 1307 1004 1377 potestatibus.
1053 1305 1191 1361 Nam
1220 1307 1464 1376 quandiu
1494 1306 1950 1377 quidembabuit
1980 1308 2084 1364 lin-

459 1414 646 1470 .guam
683 1397 776 1462 iis,
811 1397 908 1464 qui
933 1399 1257 1462 audiebant,
1287 1413 1446 1455 sensa
1469 1411 1660 1468 aperte
1691 1399 2080 1470 explicantem,

455 1487 671 1548 werbis
691 1486 1004 1548 resistebat,
1039 1494 1097 1542 et
1126 1496 1376 1557 prompta
1403 1487 1862 1558 dabat-responsa
1891 1489 1963 1545 ad
1997 1506 2079 1548 «ea

457 1593 604 1648 4pm:
631 1578 1052 1648 objiciebautur,
1077 1578 1271 1634 dicens
1291 1593 1354 1634 se
1375 1579 1580 1634 nullius
1603 1595 1793 1636 eorum
1819 1596 1944 1638 esse
1958 1583 2078 1649 sibi
2179 1581 2420 1650 demate,
2457 1587 2553 1657 qui
2585 1596 2704 1644 erat
2747 1589 3104 1665 incorruptus
3131 1597 3385 1666 antistes,
3423 1603 3520 1670 qui
3552 1601 3620 1657 ad
3651 1618 3758 1660 ma-

470 1671 788 1768 -conscium.,
821 1685 1056 1742 quorum
1075 1685 1212 1768 eum
1244 1673 1912 1730 aeousarevoluerant.0
1939 1675 2077 1730 nulli
2165 1693 2356 1768 .nuum
2397 1679 2808 1752 impositionem
2855 1687 3019 1744 donis
3061 1689 3206 1746 allici
3250 1705 3364 1747 non
3406 1703 3644 1764 poterat,
3673 1697 3759 1768 qui

461 1764 658 1836 culpae
683 1763 898 1820 amnem
924 1779 1050 1819 eum
1083 1762 1194 1818 Deo
1215 1765 1664 1836 conjunctionem
1691 1767 1705 1822 !
1730 1765 1851 1822 Non
1879 1777 2080 1839 potue-
2183 1767 2518 1829 Simoniacae
2550 1775 2744 1848 magiae
2777 1795 2974 1837 aurum
3010 1783 3389 1844 adulterinum
3408 1762 3547 1847 esse
3579 1762 3760 1849 osten-

461 1867 618 1956 runt
645 1856 864 1956 maligni
888 1857 1095 1956 inimici
1122 1873 1249 1956 eum
1279 1857 1364 1956 vel
1390 1874 1559 1956 parva
1581 1858 1640 1956 in
1674 1875 1732 1914 re
1759 1860 2145 1956 deprellen-_'B
2173 1862 2350 1933 derat,
2387 1867 2480 1937 qui
2521 1881 2641 1926 erat
2683 1873 3060 1942 apostolorum
3109 1893 3401 1938 successor
3440 1884 3502 1940 in
3531 1885 3756 1956 virtute,

480 1948 610 2002 dere
630 1947 948 2046 obnozrium,
980 1947 1081 2002 vel.
1115 1948 1498 2004 abominandis
1543 1949 1661 2005 suis
1698 1951 1998 2006 sceleribus
2024 1951 2076 2006 ei
2176 1955 2269 2025 qui
2307 1959 2645 2018 .considebat
2674 1974 2733 2019 et
2781 1969 3220 2034 conversabatur
3266 1989 3394 2030 cum
3439 1947 3758 2046 patriarchis

2181 1215 2278 1284 qui
2322 1216 2461 1272 nulli
2507 1219 2738 1276 macula:
2782 1223 3082 1282 obnoxium
3113 1243 3470 1292 conservarat
3512 1215 3757 1296 sacerdos

2183 1304 2343 1374 tium,
2377 1307 2468 1378 qui
2501 1324 2725 1366 omnem
2759 1329 2950 1388 rugam
2997 1313 3156 1376 malm
3195 1323 3472 1394 opinionis
3511 1340 3543 1380 a
3570 1327 3758 1386 divinis

2181 1399 2340 1454 atriis
2369 1401 2728 1472 absterserut,
2769 1407 2862 1477 qui
2907 1424 3012 1481 pro
3045 1413 3278 1470 veritate
3306 1431 3610 1484 sermones,
3646 1431 3758 1477 tan-

2181 1506 2344 1560 quam
2372 1494 2652 1562 .pretiosos
2681 1497 2915 1568 lapides,
2966 1502 3022 1556 in
3059 1501 3321 1562 Ecclesiae
3351 1506 3622 1564 inﬂixerat
3647 1511 3760 1568 dia-

451 2038 682 2108 -aliquid
711 2033 973 2110 aﬂingere
997 2078 1014 2106 ,
1047 2039 1144 2096 sed
1178 2055 1273 2095 eos
1300 2039 1511 2112 redegit
1534 2040 1601 2096 ad
1631 2055 1851 2118 omnem
1887 2041 2074 2097 consi-

475 2127 534 2184 lii
567 2128 830 2199 inopiam,
857 2144 958 2200 per
977 2125 1298 2201 generalem
1334 2139 1390 2186 et
1431 2130 1735 2187 terribilem
1777 2131 2075 2188 inliciatio-

457 2239 625 2299 .nem,
663 2231 722 2278 ut
740 2238 846 2279 nec
874 2223 930 2278 in
978 2238 1105 2279 eum
1135 2223 1360 2294 quidem
1394 2232 1622 2294 possent
1649 2223 1814 2279 ullam
1849 2239 2072 2280 causam

451 2316 534 2370 vin
564 2315 806 2386 speciem
834 2315 1024 2371 dicere
1059 2315 1425 2386 probabilem.
1457 2315 1690 2382 Quando
1731 2325 1916 2371 aute
1969 2317 2076 2376 lin-

455 2424 598 2480 .gum
625 2409 910 2479 obtorpuit
933 2408 1386 2476 instrumentum,
1422 2424 1528 2466 nec
1555 2424 1617 2465 se
1647 2409 2074 2480 verbispoterat

475 2501 798 2568 defendere,
843 2501 1020 2570 labro,
1051 2509 1108 2558 et
1149 2517 1338 2569 manu,
1371 2510 1429 2558 et
1462 2512 1604 2558 nutu
1644 2517 1741 2559 eos
1769 2502 2072 2571 evertebat,

475 2603 531 2649 et
557 2608 666 2648 non
697 2593 950 2650 cessabat
979 2608 1076 2650 eos
1119 2593 1416 2664 expellere.
1458 2593 1761 2650 Videbatur
1791 2593 1940 2649 enim
1970 2608 2075 2650 no-

475 2686 570 2742 bis
586 2695 844 2758 tanquam
887 2688 948 2744 in
997 2686 1264 2743 inimicos
1287 2687 1546 2743 ferociter
1591 2685 1852 2752 fremere,
1887 2694 1946 2742 et
1975 2700 2073 2744 eos

448 2795 600 2835 *cum
631 2778 711 2834 ira
755 2779 1042 2850 repellere,
1097 2779 1276 2835 donec
1325 2792 1524 2835 sensus
1546 2788 1836 2849 cmperunt
1876 2777 2072 2834 conni-

473 2888 540 2928 τε
547 2889 625 2929 1⁸03.

2175 2047 2520 2120 etPatribus,
2540 2054 2775 2124 quicum
2797 2059 2991 2116 electis
3008 2065 3390 2123 consentiebat
3409 2071 3656 2142 synodis,
3671 2075 3758 2144 qui

2166 2143 2360 2198 omnia
2383 2143 2656 2204 Cactusest
2666 2150 2943 2221 omnibus,
2963 2155 3244 2229 utaliquos
3257 2143 3760 2222 omninosalvosl‘a-

2161 2233 2394 2305 aceretu
2423 2234 2550 2292 Cor.
2565 2254 2640 2306 rx,
2680 2239 2802 2312 22).
2835 2246 3233 2318 convenienter
3247 2266 3446 2324 magno
3477 2267 3542 2310 et
3582 2257 3759 2314 divino

2150 2327 2451 2418 apostolo.
2493 2329 2887 2399 Monacborum
2906 2348 3092 2396 autem
3107 2351 3286 2399 cretus
3317 2346 3760 2418 religiosissimus

2176 2415 2232 2471 in
2263 2433 2417 2486 eum,
2455 2429 2518 2478 ut
2538 2423 2789 2494 .probum
2813 2441 2976 2484 suum
2999 2431 3384 2502 excitatorem,
3407 2415 3466 2493 et
3490 2454 3758 2496 summum

2172 2507 2372 2566 ducem
2427 2513 2500 2570 ad
2550 2515 2963 2588 abstinentiam,
3006 2525 3308 2582 ostendens
3363 2529 3664 2597 tristitiam,
3705 2542 3762 2590 et

2173 2597 2747 2672 bymnoscontexens
2777 2609 3054 2683 lacrymis,
3098 2619 3544 2689 prosequebatur
3567 2624 3635 2680 ad
3666 2642 3760 2694 pa-

2147 2697 2306 2787 .tres,
2337 2693 2434 2764 qui
2461 2697 2619 2768 prius
2646 2699 2982 2760 refulserunt
3013 2705 3069 2760 in
3101 2709 3528 2779 exercitatione,
3558 2693 3756 2787 patrem

2163 2781 2786 2877 quieratrcontinentiae
2810 2797 3283 2867 propugnaculum
3311 2781 3756 2877 inexpugnabile.

2164 2874 2279 2942 Qui
2311 2887 2472 2935 erant
2502 2882 2683 2954 egeni,
2709 2899 2891 2940 suum
2935 2889 3408 2960 suppeditatorem
3439 2913 3453 2950 :
3487 2874 3586 2968 qui
3610 2899 3757 2963 orbi.

545 2988 638 3044 49.
657 2987 816 3044 Tunc
831 2987 980 3044 enim
997 2985 1452 3059 tranquillissime
1479 2986 1707 3052 habitu,
1721 2985 2071 3058 vespertinas

2171 2969 2393 3063 oculum
2423 2991 2438 3027 :
2463 2973 2559 3044 qui
2581 2975 2787 3042 claudi,
2808 2979 3006 3048 pedem
3040 2998 3054 3036 :
3079 2983 3176 3053 qui
3201 2985 3360 3054 nudi,
3389 2997 3607 3046 vestem
3631 2995 3758 3063 :qui

447 3079 666 3135 ~laudes
712 3079 1032 3135 celebrante
1080 3077 1354 3145 Ecclesia,
1399 3086 1456 3134 et
1480 3078 1756 3134 clamante
1791 3077 2068 3144 :Inclina,

2169 3059 2451 3133 hospites,
2501 3074 2855 3137 exceptorem
2891 3087 2907 3126 :
2938 3071 3031 3142 qui
3075 3072 3134 3128 in
3179 3075 3442 3145 vinculis,
3487 3059 3760 3137 visitatio-

451 3171 732 3240 ‘homine,
767 3184 824 3228 et
859 3171 1055 3228 exaudi
1083 3186 1193 3238 me,
1229 3172 1349 3242 ipse
1378 3172 1674 3243 pelliceum
1719 3171 1870 3226 hunc
1917 3171 2070 3227 exuit

2171 3165 2299 3264 item
2336 3169 2350 3207 :
2381 3153 2596 3222 viduae,
2625 3156 2995 3215 .del‘ensorem
3041 3177 3056 3215 :
3103 3163 3372 3234 orphani,
3427 3168 3757 3238 adjutorem.

473 3265 742 3320 amictum
767 3281 785 3317 :
812 3270 876 3319 et
910 3262 1122 3318 relictis
1157 3263 1395 3319 vinculis
1425 3265 1665 3333 carneis,
1705 3264 1862 3320 venit
1880 3263 1948 3318 ad
1978 3261 2066 3318 lu-

2169 3241 2366 3300 Omnis
2388 3247 2636 3307 conditio
2665 3257 2722 3305 et
2750 3250 2935 3307 omnis
2957 3260 3092 3308 mtas
3121 3255 3439 3314 conﬂuebat
3465 3260 3645 3317 instar
3659 3263 3764 3317 llu-

469 3359 689 3414 ruinoso
737 3357 877 3412 atria
938 3352 1270 3424 cmlesti'um,
1321 3356 1650 3412 et'babitat
1695 3355 1754 3411 in
1799 3353 2066 3412 ineffabili
2169 3338 2358 3406 minis.
2391 3339 2594 3396 lectum
2623 3352 2880 3416 tansens.
2911 3354 3156 3404 et-sacro
3185 3348 3282 3407 illo
3309 3355 3636 3424 spectaculo
3653 3356 3762 3410 frui

451 3450 684 3514 quina,
707 3463 828 3520 qua
858 3447 1165 3519 percipitur
1185 3447 1573 3521 ίιηθῃεεθηιίθ,
1607 3463 1675 3504 εχ
1705 3462 1792 3514 ea,
1825 3463 1948 3518 quae
1976 3445 2066 3515 hic
2149 3431 2262 3504 .pie
2288 3436 2654 3492 contendens.
2677 3437 2748 3494 Et
2773 3440 2882 3496 nisi
2912 3441 3214 3514 imperator
3245 3448 3432 3518 populi
3463 3452 3762 3506 tumultum

470 3553 578 3610 est,
611 3542 968 3614 improbitate
999 3541 1056 3596 in
1087 3541 1274 3596 anima
1301 3540 1518 3598 nullum
1547 3542 1766 3612 signum
1797 3541 2062 3598 inferens.

2171 3534 2226 3581 et
2257 3526 2781 3598 impetum~militari
2827 3549 3001 3590 manu
3027 3535 3156 3592 cito
3195 3541 3575 3610 repressisset,
3599 3545 3760 3598 inulti

469 3635 609 3690 Nam
643 3649 768 3690 cum
816 3633 910 3688 hic
956 3641 1168 3704 ageret,
1227 3631 1528 3686 virtutibus
1562 3640 1754 3688 ~morte
1801 3631 2065 3688 aﬂ'ecerat
2163 3619 2456 3678 Ὓθηῖεεθηι
2494 3623 2551 3678 in
2598 3624 2795 3682 Πιθηίε
2847 3629 3182 3698 Periculum.
3233 3631 3364 3688 dum
3419 3630 3660 3692 trudunt
3708 3647 3763 3692 et

451 3727 706 3783 unortale
751 3727 860 3782 hoc
900 3723 1756 3792 tabernaculum,-erubescebat
1797 3725 1946 3778 enim
1975 3723 2064 3780 di-
2165 3711 2410 3769 νῖοίεείω
2453 3715 2776 3784 ιτμάιιηιιιΐ,
2806 3727 2862 3774 ει
2899 3712 3176 3778 laudabile
3200 3723 3510 3782 ostendunt
3543 3727 3762 3784 deside-

451 3823 640 3880 auidia
671 3839 736 3880 ex
758 3830 934 3894 parte
957 3831 1211 3878 naturam
1251 3820 1458 3877 habere
1505 3816 1877 3874 immortalem
1922 3815 2060 3888 (fit).
2143 3805 2312 3860 'I'illm
2335 3805 2393 3860 in
2426 3820 2574 3874 eum.
2601 3811 2706 3880 qui
2733 3811 3180 3875 desiderabatur.

460 3919 942 3973 ’Mortuus'tamen
972 3924 1079 3982 est,
1124 3915 1380 3972 existimo
1423 3921 1612 3968 autem
1648 3911 1813 3968 simul
1843 3925 2064 3980 quoque
2237 3898 2330 3954 53.
2369 3899 2648 3978 sepelitur
2680 3919 2814 3977 ergo
2839 3907 3029 3979 gloria;
3049 3909 3276 3981 plenum
3307 3913 3590 3986 inclytum
3632 3931 3760 3972 cor-

469 4025 596 4064 rum
643 4024 711 4066 eo
751 4010 984 4064 virtutes
1025 4020 1148 4064 esse
1195 4015 1471 4068 mortuas,
1523 4003 1630 4060 nisi
1679 4003 1820 4058 forte
1868 4002 2060 4068 falior,
2147 4009 2273 4064 'pus
2322 4006 2642 4054 sanctorum
2690 4000 2939 4058 virorum
2985 4007 3266 4072 manibus,
3312 4009 3407 4079 qui
3453 4009 3661 4066 'lembis
3709 4019 3762 4066 et

451 4100 670 4172 insigni
704 4097 1224 4169 audacia-magnum
1255 4095 1386 4166 quid
1417 4104 1474 4150 et
1501 4095 1743 4150 terribile
1771 4092 2059 4164 eloquens.
2141 4087 2426 4146 'iintribus
2481 4091 2652 4148 latum
2697 4109 2852 4152 mare
2904 4106 3109 4154 terram
3159 4096 3393 4156 solidam
3433 4101 3756 4164 effecerant.

541 4191 634 4246 50.
669 4187 942 4246 Universa
971 4206 1109 4244 vero
1143 4182 1785 4254 civitasriiiconsolabili
1822 4187 1976 4242 luctu
2006 4194 2063 4241 et
2165 4178 2298 4232 dum
2335 4181 2636 4240 transirent
2661 4185 2730 4241 ad
2763 4189 3161 4244 monasterium
3206 4191 3278 4247 ab
3320 4207 3390 4248 eo
3425 4193 3758 4250 aediﬁcatum

451 4281 724 4355 'lacrymis
749 4296 877 4338 eum
909 4297 1021 4337 non
1055 4281 1308 4337 cessabat
1341 4279 1567 4347 deﬂere,
1606 4291 1866 4350 tanquam
1898 4294 2060 4334 suum
2166 4274 2224 4328 in
2258 4273 2504 4346 Bosporo
2537 4275 2867 4350 Byzantino,
2920 4281 2978 4336 in
3029 4285 3351 4340 venerando
3395 4287 3609 4358 templo
3639 4302 3756 4342 om-

468 4385 760 4445 ]atronum
797 4384 854 4432 et
883 4376 1258 4432 defensorem.
1293 4375 1398 4442 Qui
1437 4383 1628 4431 autem
1665 4375 1899 4430 lideliter
1928 4383 2062 4430 tunc
2142 4363 2686 4438 ﬂium-martyrum,
2711 4371 2808 4440 qui
2836 4371 3193 4442 pro~Cbristo
3229 4378 3570 4447 sanguinem
3607 4379 3757 4434 eau-

469 4478 690 4538 sccptra
749 4468 1171 4522 administrabat
1201 4467 1287 4539 (is
1325 4481 1457 4523 vero
1483 4459 1603 4522 erat
1625 4467 1740 4538 (65)
1783 4467 2060 4538 Nicepho-

2163 4452 2390 4522 derunt,
2421 4469 2547 4510 cum
2577 4457 3083 4518 mensis-Februar.
3118 4462 3234 4536 (66)
3260 4465 3520 4534 quintum
3545 4477 3757 4524 teneret

471 4563 626 4633 rus),
644 4569 756 4615 non
791 4561 1045 4614 cessabat
1071 4559 1262 4615 dolore
1287 4559 1544 4616 cruciari.
1580 4559 2059 4615 Procidens-cnim
2087 4561 2140 4616 -D
2164 4544 2314 4600 diem
2352 4561 2482 4601 cum
2509 4548 2804 4620 quintuplo
2829 4554 3217 4622 quaternione.
3248 4556 3388 4612 Eum
3417 4567 3609 4615 autem
3636 4560 3757 4615 lon-

455 4667 636 4723 supra
682 4660 875 4723 pectus
927 4650 1150 4722 gloriosi
1190 4651 1490 4722 corporis,
1529 4659 1586 4706 et
1633 4651 1814 4722 ipsum
1868 4659 2060 4721 tegens

455 4759 730 4816 purpura,
780 4743 1072 4799 funebrem
1125 4743 1364 4800 iaciebat
1400 4743 1876 4809 lamentationem,
1913 4757 2057 4797 eum

462 4851 672 4892 vocans
701 4845 1002 4908 pastorem,
1021 4833 1280 4902 ‘Patrem,
1328 4835 1549 4906 imperii
1583 4834 1920 4904 adiutorem,
1947 4833 2060 4889 Lu-

465 4929 720 4996 ciferum,
757 4930 852 5000 qui
885 4945 1170 5000 nunquam
1201 4929 1426 4994 occidit,
1467 4927 1610 4999 reip.
1638 4927 1836 4983 ducem
1867 4926 1939 4982 ad
1969 4941 2056 4994 ea,

465 5035 590 5090 qum
621 5028 752 5074 sunt
774 5018 1022 5082 meliora,
1053 5027 1111 5074 et
1138 5018 1388 5074 divinum
1402 5016 2062 5090 magistrum,exercitus

467 5110 896 5184 inexpugnabile
923 5110 1422 5182 propugnaculum,
1463 5109 1816 5164 inimicorum
1859 5124 1958 5166 sua
1992 5108 2062 5164 ad

466 5205 642 5258 Deum
675 5203 1076 5258 iuterCessione
1117 5213 1406 5257 strenuum
1455 5201 1884 5273 proﬂigatorem.
1915 5199 2060 5266 Quid

468 5292 708 5346 deniaue
742 5307 855 5346 non
883 5289 1114 5356 faciens,
1161 5291 1292 5362 quid
1332 5305 1444 5346 non
1477 5291 1689 5358 dicens,
1719 5291 1872 5346 orbis
1901 5301 2062 5346 terrm

468 5383 736 5438 damnum
766 5392 1036 5454 reputans
1071 5383 1312 5454 pastoris
1333 5384 1651 5454 iacturam?
1693 5382 1828 5450 Quae
1874 5393 2060 5439 autem

456 5473 526 5529 *in
562 5470 1010 5539 porestatibuset
1040 5472 1344 5528 honoribus
1377 5473 1680 5528 maximum
1701 5473 2060 5544 splendorem

545 5672 660 5764 (iis
699 5673 1233 5764 Pieriuuseteena
1263 5675 1389 5764 εοςὶο

545 5745 658 5817 (ϋίὴ
698 5745 854 5800 lrene
897 5745 1146 5821 lor-tuuis
1183 5749 1466 5821 pinguibus
1523 5758 1716 5821 exuta.
1761 5749 2058 5821 imperium

480 5814 702 5884 adeptus
729 5825 810 5870 es!
840 5830 988 5883 anno
1019 5814 1145 5881 802,
1183 5817 1244 5872 5|
1283 5817 1502 5886 Octob.,
1534 5819 1725 5874 iudict.
1750 5821 1806 5876 2.

2159 4651 2291 4707 gum
2334 4644 2554 4708 tempus
2595 4639 2780 4696 celare
2828 4657 2943 4698 non
2993 4645 3215 4714 poterit,
3265 4657 3352 4703 est
3405 4649 3563 4705 enim
3609 4651 3756 4705 omni

2146 4736 2416 4796 tempore
2454 4729 2745 4785 excelsiOr.
2771 4729 2978 4788 Natura
3007 4735 3158 4791 enim
3182 4737 3407 4795 virtutis
3445 4756 3564 4796 non
3593 4743 3757 4798 susti-

2159 4827 2258 4874 net
2278 4818 2614 4876 oblivionem
2652 4839 2666 4876 :
2695 4837 2808 4878 non
2833 4825 2959 4882 tabe
2979 4827 3136 4882 enim
3163 4829 3383 4887 invidia:
3408 4832 3754 4890 habebatur:

2161 4905 2248 4967 sui
2275 4913 2790 4971 enim-memoriam
2821 4916 2952 4974 facit
2975 4920 3346 4978 immortalem
3394 4927 3609 4984 nostris
3638 4928 3758 4985 ani-

2161 5005 2287 5074 mis,
2321 5015 2379 5062 et
2409 5022 2520 5062 non
2555 5007 2692 5065 sinit
2723 5009 2964 5085 dispergi
2988 5021 3052 5068 et
3083 5015 3194 5088 tegi
3225 5017 3467 5074 silentio.

2761 5123 2994 5206 caput
3031 5127 3151 5184 xu.

2267 5209 2530 5266 Miracula
2561 5216 2632 5268 ad
2663 5215 2964 5286 sepulcrum
2993 5223 3170 5275 sancti
3195 5221 3404 5279 Tarasii
3435 5237 3685 5299 patrata.

2235 5300 2324 5357 5‘5.
2370 5302 2612 5374 Tempus
2639 5315 2722 5361 est
2763 5317 2970 5376 autem,
3007 5311 3184 5379 vobis,
3225 5315 3318 5384 qui
3365 5317 3501 5373 estis
3539 5319 3760 5374 virtutis

2164 5392 2419 5460 studiosi,
2453 5395 2766 5464 exponendi
2793 5413 2895 5452 res
2925 5414 2956 5452 a
2987 5399 3146 5456 Patre
3177 5405 3438 5473 praeclare
3475 5419 3664 5478 gestas
3705 5412 3756 5462 in

2164 5485 2442 5557 sepulcro,
2493 5503 2632 5560 quas
2671 5505 2784 5546 non
2835 5494 3038 5564 poterit
3084 5497 3379 5566 prohibere
3423 5515 3758 5558 monumen-

2164 5684 2447 5812 Cisggznl‘s.
2482 5687 2599 5745 dics
2645 5704 2712 5746 eo
2741 5705 2888 5748 anno
2916 5691 3112 5749 incidit
3155 5695 3211 5749 in
3255 5693 3449 5750 feriam
3498 5705 3756 5767 quartam
