4026 6408
281 460 296 473 ’
320 461 438 529 1421

317 664 402 719 ille
430 669 850 718 monumentum
880 661 1248 716 monumenti.
1298 660 1452 716 Multi
1485 660 1630 714 enim
1663 659 1730 712 ad
1761 673 1888 712 eum

315 755 599 816 accedunt,
630 763 690 808 et
715 753 1021 808 liberantur
1046 751 1116 809 ab
1143 750 1235 818 iis,
1265 767 1388 821 quae
1416 751 1567 822 ipsos
1595 749 1886 813 vexabant,

315 844 712 902 aﬂectionibus.
743 841 788 899 Ο
817 843 1175 899 miraculum-1
1223 843 1392 898 etiam
1429 851 1716 912 postquam
1762 839 1893 895 hinc

317 936 568 1002 excessit,
603 950 816 999 eorum,
847 933 940 1004 qui
982 934 1071 989 hic
1101 943 1252 1001 sunt,
1305 949 1492 989 curam
1536 936 1694 1003 gerit,
1735 941 1792 986 et
1823 933 1892 987 ab

315 1027 402 1092 iis,
436 1025 530 1096 qui
575 1032 852 1094 quaerunt,
906 1023 1207 1088 invenitur,
1260 1029 1318 1078 et
1366 1022 1455 1086 iis,
1514 1023 1608 1091 qui
1647 1022 1884 1092 pulsant,

314 1117 491 1188 aperit
537 1115 738 1174 ostium
775 1115 1102 1170 medicantis
1144 1129 1258 1169 suae
1305 1113 1661 1169 visitationis.
1691 1114 1738 1168 Α
1767 1113 1891 1167 diu-

316 1219 478 1262 turno
509 1207 655 1261 enim
686 1205 971 1275 sanguinis
1003 1203 1286 1275 proﬂuvio
1328 1203 1568 1275 graviter
1615 1203 1891 1277 quondam

311 1297 526 1368 agitata
554 1295 804 1364 quaedam
841 1293 1198 1365 mulierculae,
1239 1303 1297 1347 et
1327 1305 1559 1362 magnos
1589 1291 1890 1347 subeuntes

309 1386 507 1442 ﬂuctus
535 1393 594 1440 et
633 1393 1009 1454 tempestates,
1041 1399 1166 1440 eum
1194 1384 1251 1438 in
1281 1384 1689 1439 medicamenta
1713 1382 1892 1438 maxi-

310 1493 452 1532 mam
497 1486 712 1547 partetn
761 1493 984 1532 suarum
1025 1475 1351 1530 facultatum
1399 1473 1892 1545 consumpsissem,

309 1583 366 1625 et
415 1585 527 1624 non
583 1569 897 1638 potuissent
953 1567 1204 1623 invenire
1251 1565 1380 1621 mali
1423 1565 1889 1636 tranquillitatem,

307 1661 834 1734 evangelicamillam
847 1661 1114 1732 proﬂuvio
1129 1660 1412 1730 sanguinis
1423 1660 1762 1715 laborantem
1778 1656 1896 1712 imi-

307 1766 429 1811 tata:
459 1755 747 1810 mulierem
775 1753 1040 1824 (Marc.v,
1055 1749 1147 1824 25)
1163 1768 1270 1820 prae
1292 1751 1552 1807 laudabili
1575 1747 1894 1820 impruden-

307 1850 377 1904 tia
405 1849 543 1920 (non
584 1847 791 1902 licebat
813 1846 960 1901 enim
991 1844 1206 1899 mulieri
1229 1851 1456 1913 tangere
1476 1839 1892 1902 monasterium,

1837 460 2035 523 VITA.

324 589 452 630 tum.
498 569 616 626 Non
664 579 751 626 est
796 569 942 624 enim
997 569 1145 624 illius
1177 579 1596 625 monumentum
1629 585 1642 622 :
1673 567 1770 624 sed
1806 577 1892 622 est
1919 576 1964 629 Α

2180 564 2300 634 lam
2323 580 2453 621 vero
2477 565 2641 620 etiam
2663 563 2928 620 adversus
2955 565 3262 630 haereticos,
3289 572 3574 634 postquam

1993 659 2125 714 hinc
2155 658 2507 724 excessisset,
2550 657 2795 713 divinum
2823 657 3002 713 zelum
3032 655 3291 712 ardenter
3312 657 3572 717 ostendit.

1995 752 2110 824 (67)
2151 751 2261 806 Leo
2306 751 2454 806 enim
2495 741 2678 806 adhu'c
2719 750 3089 822 imperatoriae
3135 751 3321 822 gloria:
3359 757 3575 820 sceptra

1993 846 2386 902 administrans
2409 869 2451 906 ,-
2472 854 2528 900 et
2579 843 2690 914 (68)
2765 844 3262 900 lconomachorut'n
3317 843 3573 898 haeresim

1993 937 2206 991 nefarie
2254 919 2628 1006 amplectens,
2683 951 2807 990 cum
2859 935 2907 990 ei
2952 923 3420 1006 appropinquaret
3448 935 3574 988 vita:

1993 1028 2138 1092 finis,
2171 1043 2282 1097 quo
2313 1027 2638 1098 eratgladio
2673 1026 2978 1090 feriendus,
3023 1035 3082 1080 ut
3109 1026 3224 1096 ipse
3265 1026 3446 1093 adhuc
3483 1041 3572 1080 su-

1992 1130 2204 1192 perstes
2264 1135 2366 1174 sua
2417 1133 2553 1174 voce
2611 1117 2947 1184 declaravit,
3006 1115 3118 1187 (69)
3173 1117 3310 1172 vidit
3351 1117 3571 1172 beatum

1993 1211 2283 1268 Tarasium
2313 1211 2370 1266 in
2397 1209 2608 1266 somnis
2629 1209 2697 1266 ad
2716 1225 2849 1264 eum
2877 1209 3164 1275 accedere,
3192 1193 3250 1263 et
3270 1217 3394 1264 cttm
3421 1209 3574 1280 gravi

1993 1306 2074 1360 ira
2095 1305 2297 1376 jubere
2313 1303 2553 1368 cuidam,
2583 1301 2696 1373 (Ἰο)
2725 1301 2976 1358 Michaeli
3019 1301 3264 1370 nomine,
3295 1310 3355 1355 ut
3385 1317 3571 1355 ensem

1995 1398 2052 1452 in
2081 1412 2210 1453 eum
2253 1395 2518 1466 adigeret.
2571 1395 2664 1449 ille
2699 1409 2832 1449 vero
2863 1393 3036 1464 jussui
3099 1409 3306 1448 morem
3353 1409 3570 1465 gerens,

1995 1487 2173 1561 gladio
2230 1487 2498 1562 transegit
2549 1485 2960 1556 imperatorem.
3029 1483 3170 1540 Ilinc
3228 1494 3411 1539 autem
3465 1483 3574 1538 Leo

1995 1578 2203 1634 multus
2231 1577 2288 1632 in
2316 1577 2430 1632 hoc
2467 1575 2592 1638 fuit,
2628 1591 2756 1630 eum
2783 1577 2874 1646 qui
2913 1575 2970 1630 itt
3007 1576 3214 1632 somnis
3242 1576 3420 1646 ipsum
3447 1593 3576 1631 sau-

1995 1670 2258 1736 ciaverat,
2293 1667 2617 1722 Michaelem
2690 1667 2918 1725 omnino
2975 1681 3184 1722 conatis
3221 1665 3470 1720 invenire
3517 1666 3572 1720 in

1995 1759 2171 1814 sancti
2219 1756 2576 1813 monasterio.
2622 1755 2989 1822 Quamobrem
3037 1771 3162 1810 cum
3208 1757 3472 1826 quosdam
3508 1773 3572 1812 ex

1998 1850 2088 1914 iis,
2126 1848 2223 1919 qui
2253 1849 2310 1903 in
2361 1848 2482 1918 ipso
2538 1855 2718 1912 erant,
2769 1846 3057 1902 monachis
3105 1847 3173 1902 ad
3215 1863 3274 1902 se
3312 1846 3576 1918 iussisset

303 1957 430 1998 cum
452 1939 510 1996 id
546 1939 782 2009 inclytus
825 1935 988 1990 Pater
1028 1936 1160 1990 olim
1197 1929 1892 2010 constituisset),muliehri
1927 1929 1971 1983 Β
1998 1942 2216 2008 adduci,
2257 1940 2569 1996 carceribus
2605 1948 2660 1993 ει
2691 1938 2982 1994 tormentis
3013 1953 3112 1993 eos
3155 1937 3389 2008 subjecit
3410 1980 3427 2004 ν
3469 1954 3574 1994 ηο-

303 2043 428 2089 astu
452 2031 661 2103 optime
683 2034 819 2095 usae,
839 2027 980 2084 virili
1003 2037 1156 2082 veste
1178 2034 1424 2098 tegentes
1446 2023 1710 2096 pudorem
1733 2020 1892 2075 femi-

302 2141 496 2191 neum,
549 2132 604 2179 et
661 2139 774 2193 prae
807 2137 868 2176 se
926 2122 1167 2176 ferentes
1211 2117 1454 2188 speciem
1481 2114 1888 2177 cunuchorum,

301 2215 444 2269 clam
501 2211 833 2284 confugiunt
889 2211 959 2265 ad
1031 2207 1235 2280 egregii
1293 2208 1456 2278 hujus
1509 2203 1892 2277 gubernatoris

300 2318 556 2374 eapsam,
602 2318 726 2372 qua:
771 2301 938 2358 nullis
967 2301 1202 2372 agitatur
1245 2299 1507 2356 ﬂuctibus
1538 2313 1554 2351 :
1585 2309 1643 2353 et
1670 2312 1796 2352 cum
1826 2312 1894 2350 ex

299 2394 585 2466 lampade,
613 2409 734 2463 quae
761 2393 818 2448 in
835 2407 910 2446 .ea
939 2393 1107 2459 lueet,
1137 2393 1320 2448 oleum
1359 2391 1696 2452 hausissent,
1737 2388 1892 2443 citi3¢

301 2487 444 2542 sime
488 2485 777 2556 appellunt
805 2483 858 2538 in
905 2493 1128 2554 portum
1171 2483 1494 2539 curationis.
1539 2479 1684 2548 Quin
1725 2480 1890 2534 etiam

299 2579 389 2633 vir
423 2577 675 2648 quidam,
725 2575 815 2630 cui
852 2576 990 2630 alter
1035 2591 1106 2630 ex
1135 2575 1313 2630 oculis
1357 2575 1500 2630 lema
1547 2572 1889 2635 excutiebat,

297 2689 431 2730 cum
473 2673 680 2728 fuisset
739 2686 910 2743 prope
950 2669 1195 2724 divinam
1243 2670 1497 2732 thecam,
1545 2675 1603 2722 et
1639 2665 1892 2723 salutaris

295 2763 594 2822 unctionis
627 2761 832 2818 auxilio
864 2769 1014 2818 esset
1046 2775 1200 2828 usus,
1247 2759 1446 2814 lemam
1475 2773 1588 2814 non
1617 2757 1693 2813 ita
1718 2757 1892 2811 multo

298 2866 431 2926 post
457 2854 624 2920 eluit,
654 2863 710 2910 et
750 2869 782 2908 a
823 2853 938 2908 Deo
967 2852 1144 2908 visum
1176 2860 1366 2921 aperte
1394 2849 1621 2922 recepit.
1653 2848 1892 2904 Alterius

296 2961 532 3018 quoque
581 2957 800 3010 manus,
850 2957 970 3012 qua:
1019 2941 1308 2996 allatrahat
1351 2939 1588 3010 corpori,
1631 2947 1689 2994 et
1730 2938 1893 3008 longo

299 3049 564 3110 tempore
589 3044 868 3093 manserat
890 3033 946 3089 in
976 3033 1199 3089 assiduo
1239 3042 1392 3086 motu
1420 3031 1738 3102 operatione
1763 3029 1890 3084 mali

298 3130 602 3196 daemonis,
636 3128 750 3184 sola
782 3127 1128 3182 invocatione
1165 3124 1500 3180 sacrosancti
1539 3123 1804 3193 corporis.
1837 3132 1892 3177 et

297 3223 580 3280 unctione
633 3219 739 3276 olei
794 3220 940 3274 illius
989 3219 1192 3284 thecze,
1243 3231 1364 3286 qua:
1412 3215 1542 3269 facit
1593 3215 1889 3278 miracula,

1993 2044 2248 2088 cturnum
2283 2031 2402 2100 ejus
2435 2029 2846 2087 interfectorem
2866 2045 2964 2099 per
2992 2043 3088 2084 eos
3121 2029 3225 2083 sibi
3255 2044 3379 2084 esse
3426 2029 3570 2084 indi-

1991 2125 2226 2182 candum
2258 2123 2538 2178 fremens:
2573 2137 2733 2192 quem
2768 2121 2954 2186 etiam,
2999 2132 3058 2176 ut
3101 2136 3413 2177 eversorem
3465 2122 3566 2176 im-

1990 2215 2150 2288 perii,
2173 2231 2296 2271 esse
2313 2223 2554 2270 extrema
2587 2229 2899 2285 passurum.
2922 2213 3034 2269 Hoc
3054 2213 3200 2268 enim
3223 2213 3274 2269 ei
3299 2213 3568 2284 persuasit
3616 2206 3621 2210 ’

1991 2308 2078 2364 vel
2108 2307 2301 2372 invito,
2341 2305 2490 2377 quod
2527 2305 2734 2361 factum
2783 2313 2924 2370 erat,
2965 2320 3192 2362 narrare
3231 2305 3520 2362 monachis
3551 2325 3568 2360 :

1990 2415 2021 2454 a
2071 2398 2269 2470 quibus
2308 2413 2434 2452 cum
2485 2413 2589 2452 nos
2633 2412 2850 2467 quoque
2907 2398 3270 2464 miraculum,
3310 2408 3569 2468 tanquam

1991 2499 2277 2566 maturum
2299 2488 2537 2544 fructum
2571 2489 3029 2558 deccrpserimus,
3065 2489 3316 2545 venimus
3357 2491 3426 2544 ad
3473 2506 3573 2546 vos

1987 2569 2213 2648 ﬁdeles,
2275 2580 2571 2636 afferentes
2645 2589 2912 2634 craterem
2969 2580 3189 2635 laetitize.
3245 2581 3364 2634 Non
3421 2581 3569 2636 enim

1990 2671 2332 2742 praeterierat
2355 2680 2571 2743 tempus
2593 2686 2686 2726 sex
2710 2670 2945 2736 dierum,
2974 2685 3098 2725 cum
3128 2671 3365 2726 Michael
3397 2671 3572 2726 susci-

1989 2764 2072 2834 pit
2119 2771 2337 2834 sceptra
2375 2763 2628 2834 imperii,
2673 2773 2730 2816 et
2777 2778 2904 2818 eum
2951 2761 3234 2818 interﬁcit.
3293 2763 3374 2818 ita
3425 2762 3572 2818 Deus

1991 2856 2156 2910 etiam
2187 2865 2316 2926 post
2347 2863 2586 2910 mortem
2619 2855 2884 2910 clariﬁcat
2928 2871 3057 2912 suos
3091 2856 3324 2912 famuios
3351 2897 3368 2923 ,
3392 2867 3447 2912 et
3475 2871 3575 2916 eos

1991 2947 2157 3016 delet,
2193 2947 2288 3017 qui
2318 2947 2515 3002 nolunt
2544 2947 2722 3018 ipsum
2752 2945 2841 3017 pie
2875 2947 3076 3004 colere.

2063 3039 2152 3094 56.
2183 3037 2291 3093 Sed
2348 3053 2438 3093 me
2475 3047 2690 3108 tempus
2727 3038 2944 3094 deﬁciet
2979 3049 3292 3096 narrantem
3322 3041 3574 3112 praeclari

1991 3141 2047 3186 et
2073 3131 2243 3206 divini
2294 3129 2471 3186 Patris
2513 3146 2707 3202 magna
2744 3131 3028 3199 miracula,
3062 3148 3184 3202 qum
3231 3141 3487 3204 tauquam
3516 3135 3575 3190 in

1994 3237 2149 3296 prato
2199 3242 2360 3290 rosae,
2411 3225 2612 3294 ubique
2666 3235 2988 3292 nascuntur,
3037 3236 3093 3283 et
3145 3227 3457 3295 hortantur,
3513 3240 3578 3286 ιιι

297 3317 528 3374 etiamsi
559 3313 748 3385 procul
777 3300 1014 3375 abessei,
1050 3325 1298 3380 repressa
1336 3317 1422 3364 est
1463 3323 1660 3363 manus
1707 3309 1777 3362 ab
1803 3307 1894 3362 illa

1998 3319 2240 3372 feramur
2282 3319 2350 3372 ad
2381 3317 2814 3388 uniuscujusque
2859 3318 3202 3376 electionem.
3234 3321 3348 3377 Nos
3388 3331 3575 3378 autem

295 3405 486 3474 rabie,
520 3414 582 3460 et
619 3403 830 3458 reddita
871 3401 974 3456 fuit
1005 3415 1136 3455 sana
1167 3400 1308 3455 sicut
1345 3400 1538 3454 altera.

373 3494 701 3553 54.\llultis
729 3507 948 3564 quoque
977 3493 1118 3559 aliis,
1157 3491 1252 3562 qui
1288 3491 1628 3546 vexabantur
1664 3505 1696 3544 a
1737 3489 1895 3544 malis

296 3591 627 3663 spiritibus,
658 3587 916 3642 inventus
945 3585 1052 3641 fuit
1092 3594 1248 3656 pater
1289 3585 1558 3640 medicus.
1599 3581 1669 3638 Et
1695 3583 1895 3638 daemo-

294 3698 440 3739 num
486 3678 716 3750 quidem
761 3677 972 3748 expulit
1002 3677 1352 3748 operationes
1381 3693 1395 3730 :
1430 3690 1527 3730 eos
1568 3683 1774 3739 autem,
1801 3672 1893 3743 qui

295 3786 592 3832 tormenta
644 3771 1020 3836 sustinebant,
1075 3771 1328 3827 allevavit
1357 3771 1642 3824 voluntate
1689 3777 1746 3824 et
1790 3783 1897 3838 ope

291 3862 750 3934 Omnipotentis.
781 3859 928 3926 Quin
951 3859 1114 3915 etiam
1142 3859 1426 3929 quosdam,
1455 3859 1548 3928 qui
1578 3858 1648 3912 ab
1670 3857 1894 3912 adversa

293 3964 588 4030 potestate
633 3953 870 4024 spectris
899 3952 1120 4007 fuerant
1149 3949 1536 4020 obstupefacti,
1567 3959 1624 4004 et
1647 3949 1738 4019 qui
1770 3953 1894 4002 shr-

293 4051 417 4122 dos'
439 4057 504 4104 et
537 4056 722 4101 mutos
751 4060 848 4100 eos
877 4043 1162 4107 reddebat,
1203 4051 1478 4112 torporem
1522 4041 1897 4096 sustinuerant

293 4151 357 4198 et
379 4139 598 4198 deinde
623 4137 690 4194 ad
727 4135 894 4194 divini
937 4135 1039 4191 viri
1066 4137 1377 4205 sepulcrum
1421 4135 1528 4189 fide
1557 4141 1893 4198 manserant,

289 4249 403 4306 per
442 4231 642 4288 utilem
699 4238 756 4285 et
795 4229 1088 4283 salutarem
1134 4225 1370 4282 lucentis
1406 4225 1510 4280 olei
1537 4224 1852 4279 unctionem
1877 4263 1894 4290 ,

291 4328 459 4383 Deus
493 4324 757 4387 visitavit,
787 4325 844 4378 et
865 4307 1110 4380 liberatis
1141 4338 1172 4378 a
1199 4319 1400 4394 speetri
1426 4319 1714 4392 vertigine,
1745 4317 1900 4374 dedit

289 4427 356 4474 ut
384 4415 592 4472 auditu
621 4429 816 4469 rursus
839 4423 896 4470 et
921 4414 1106 4486 lingua
1141 4429 1274 4470 sane
1297 4421 1551 4486 agerent,
1579 4427 1699 4482 quae
1733 4411 1803 4466 ad
1832 4425 1897 4466 ea

287 4507 618 4580 pertinent.
647 4502 796 4570 Quin
827 4503 993 4558 etiam
1035 4518 1160 4573 qua:
1201 4503 1272 4558 ab
1303 4501 1730 4557 inflammatione
1771 4515 1896 4572 gra-

283 4604 448 4656 viter
479 4597 895 4662 cruciabantur,
945 4603 1002 4650 et
1029 4593 1407 4649 laborantibus
1441 4594 1658 4650 dolores
1689 4591 1896 4658 adcre-

284 4693 443 4748 bant
490 4688 889 4756 intolerabiles,
923 4685 1110 4742 divina
1159 4684 1508 4740 invocatione
1547 4684 1654 4740 olei
1695 4684 1891 4747 thecae,

281 4777 460 4852 quod
518 4787 715 4848 purgat
771 4791 836 4830 ac
898 4773 1158 4842 mundat,
1204 4783 1458 4830 assecuta
1511 4781 1643 4828 sunt
1691 4773 1895 4828 doloris

281 4869 724 4929 relaxationem.

365 5097 507 5170 (67)_
538 5092 843 5170 Nicephoro
864 5091 1191 5170 imperatore
1215 5105 1359 5170 anno
1389 5085 1663 5170 8H,_._lulii
1695 5089 1787 5154 25,
1809 5088 1896 5144 ln-

279 5160 438 5227 diét.
477 5160 514 5218 ll
535 5160 828 5226 exstincto,
855 5160 984 5232 post
1014 5162 1256 5232 regimen
1284 5160 1559 5232 Stauracii
1590 5175 1893 5232 paucorum

280 5235 612 5300 mensium,
645 5227 910 5289 successit
937 5227 1168 5286 Michael
1195 5227 1653 5299 Cttropalates,'2
1690 5227 1886 5285 Octob.

283 5299 622 5379 imperator
642 5303 932 5379 salutatus,
970 5302 1081 5372 quo
1116 5301 1406 5379 imperium
1429 5299 1774 5379 relinquente
1806 5315 1896 5379 ca-

276 5368 544 5500 pis-slivlit
573 5371 684 5429 Leo
713 5368 1158 5449 Armeuus‘anno
1188 5368 1294 5426 815
1316 5409 1334 5437 ,
1361 5369 1478 5427 Ind.
1505 5368 1562 5437 6,
1595 5370 1695 5426 fer.
1720 5368 1779 5434 2,
1806 5369 1896 5424 die

449 5463 487 5500 υ
516 5483 530 5498 .

277 5453 349 5505 il
405 5453 530 5500 Jul.

365 5515 504 5590 (68)
543 5513 746 5590 Sancto
797 5510 1106 5590 Nicephoro
1152 5509 1468 5590 patriarcha
1515 5511 1713 5590 pulso,
1743 5508 1892 5590 Con-

275 5578 864 5654 sta‘ntihopohtanum
911 5578 1118 5654 creavit
1154 5578 1476 5654 4anti3ti‘tem
1521 5578 1894 5654 Theodotum,

275 5673 414 5730 quo
447 5649 588 5730 usus
612 5655 900 5730 hortatore
924 5652 978 5708 in
1001 5665 1190 5708 sacras
1210 5649 1482 5722 imagines
1509 5660 1564 5707 et
1595 5650 1895 5706 monachos

276 5725 581 5786 atrociter
610 5725 910 5779 bacchatus
939 5731 1043 5778 est.

364 5793 504 5880 (6,9)
524 5793 804 5880 Eisdem
833 5789 1280 5880 alienum“
1301 5800 1365 5880 et
1381 5791 1499 5880 alia
1514 5789 1653 5880 “e29
1664 5790 1897 5880 999198

277 5861 494 5930 visio,
524 5865 812 5920 Tarasium
841 5863 1213 5935 patriarcham
1265 5863 1506 5919 nobilem
1559 5861 1709 5916 illum
1743 5861 1894 5930 jam-

1993 3425 2118 3464 cum
2165 3424 2276 3464 non
2328 3409 2624 3466 habeamus
2657 3409 2918 3481 linguam,
2951 3425 3072 3480 quae
3103 3413 3276 3482 possit
3300 3413 3482 3469 metiri
3511 3429 3578 3470 ac

1993 3501 2220 3566 referre,
2255 3515 2596 3571 quaecunque
2641 3517 2674 3556 a
2702 3500 2873 3557 Beato
2919 3501 3064 3558 facta
3103 3512 3232 3559 sunt
3283 3505 3572 3573 miracula,

1993 3591 2260 3646 hactenus
2307 3599 2548 3659 coeptum
2587 3589 2853 3646 orationis
2906 3605 3128 3647 cursum
3201 3593 3574 3663 perﬂeientes,

1993 3683 2266 3738 malumus
2310 3683 2377 3738 ad
2421 3681 2704 3738 silentium
2732 3683 2991 3748 transire,
3025 3691 3332 3757 statuentes
3365 3703 3393 3740 a
3423 3687 3576 3756 peri-

1993 3774 2117 3828 culo
2157 3782 2425 3828 remotam
2466 3773 2712 3843 requiem
2743 3768 2868 3845 plus
2907 3773 3046 3830 lucri
3083 3775 3301 3840 aﬂ‘erre,
3333 3793 3496 3846 quam
3529 3781 3574 3834 si

1994 3863 2278 3918 vincamur
2327 3878 2452 3918 cum
2501 3863 2768 3934 periculo.
2817 3864 3057 3934 Prompti
3107 3865 3252 3920 enim
3286 3875 3342 3921 et
3377 3867 3576 3923 alat-ris

1995 3953 2161 4006 animi
2195 3953 2575 4008 insatiabilitas
2615 3967 2761 4024 saepe
2803 3937 3166 4024 arrogantiam
3212 3956 3348 4011 solet
3376 3957 3580 4012 conci—

1996 4046 2150 4099 liare.
2181 4045 2262 4098 Tu
2297 4060 2426 4098 vero
2462 4045 2774 4099 veneranda
2805 4045 2950 4100 basis
2987 4045 3296 4110 sacerdotii,
3339 4062 3408 4102 ne
3441 4063 3576 4104 mete

1997 4137 2320 4192 temeritatis
2354 4136 2724 4206 reprehendas
2753 4135 3042 4202 vomitum,
3069 4137 3160 4206 qui
3190 4139 3574 4207 audacissime,

1995 4228 2090 4284 sed
2120 4227 2238 4282 rudi
2267 4235 2323 4282 et
2346 4226 2624 4282 incondito
2649 4238 2924 4292 sermone,
2949 4235 3057 4281 tam
3085 4245 3308 4300 magnas
3345 4232 3574 4287 referam

1997 4317 2377 4376 narrationes:
2405 4317 2498 4374 sed
2538 4316 2807 4375 iutensam
2838 4331 3014 4374 meatu
3048 4317 3486 4377 benevolentiam
3514 4337 3580 4378 ac

1997 4410 2160 4466 ﬁdem
2187 4418 2442 4479 tanquam
2485 4425 2710 4478 parvum
2756 4424 2958 4463 munus
3006 4409 3246 4466 oblatum
3295 4423 3579 4483 reputans,

2001 4503 2242 4558 concede
2266 4501 2451 4558 verbis
2481 4501 2683 4568 locum,
2719 4511 2779 4556 ttt
2820 4501 3160 4572 accipiantur
3187 4513 3245 4558 et
3271 4507 3576 4575 quiescant.

1999 4591 2120 4647 Non
2156 4592 2304 4646 enim
2327 4591 2620 4646 obliviscar
2647 4590 2900 4648 utilitatis
2945 4601 3054 4647 tuae
3086 4593 3142 4646 in
3174 4607 3261 4646 me
3291 4593 3574 4660 doctrinae,

1999 4697 2102 4736 nec
2151 4681 2426 4736 ferventis.
2443 4683 2549 4738 mei
2598 4683 2654 4737 in
2709 4690 2762 4736 te
2800 4683 3087 4738 ministerii
3135 4683 3575 4740 mediocritatis:

1999 4787 2126 4828 cum
2164 4773 2312 4828 illius
2340 4774 2559 4843 quidem
2586 4773 2804 4842 deliciis
2835 4790 2925 4830 me
2969 4774 3300 4844 eXpleverim
3345 4777 3400 4832 in
3442 4779 3580 4835 ﬂore

1995 4864 2321 4934 iuventutis,
2349 4873 2404 4920 et
2432 4880 2464 4919 a
2497 4873 2550 4920 te
2579 4863 2771 4920 fuerim
2804 4863 3048 4920 initiatus
3085 4864 3140 4920 in
3179 4865 3266 4932 iis,
3297 4883 3419 4938 quae
3447 4863 3594 4928 sunt.

2000 5087 2206 5144 dudum
2231 5097 2534 5158 mortuum,
2563 5084 2880 5142 Michaelem
2911 5091 3205 5158 quemdam
3245 5092 3574 5147 nominatim

2001 5158 2307 5232 exhortari,
2329 5167 2388 5211 ut
2415 5157 2468 5211 itt
2497 5157 2738 5232 [sconem
2765 5157 3283 5232 impetumfaceret,
3316 5162 3577 5232 letalique

2002 5229 2425 5282 ietusterneret.
2458 5244 2478 5278 ι
2497 5227 2766 5282 Zonaras:
2791 5247 2809 5278 ι
2835 5227 2930 5283 Est
2953 5229 3178 5284 etdivus
3206 5227 3577 5298 Tarasius,'cx

2003 5298 2107 5352 hac
2151 5311 2462 5352 aerumnosa
2507 5299 2618 5352 vita
2651 5313 2822 5364 nuper
2869 5299 3185 5362 translatus,
3235 5301 3452 5356 cuidam
3518 5304 3576 5356 in

2001 5368 2212 5422 somnis
2259 5369 2446 5426 visus,
2478 5369 2581 5437 qui
2625 5366 2940 5422 Michaelem
2981 5370 3272 5437 quemdam
3308 5372 3577 5426 inclama-

2001 5445 2360 5560 {et,leutt:que
2381 5437 2446 5492 ad
2474 5436 2838 5492 invadendum
2865 5447 2920 5493 et
2949 5436 3306 5494 occidendum
3337 5441 3576 5497 Leonem

2021 5519 2104 5560 »οι-
2129 5521 2223 5560 are
2250 5523 2332 5559 ur.
2381 5525 2402 5558 ι

2021 5514 2332 5560 tortaretttr.
2381 5525 2402 5558 ι

2003 5645 2016 5656 ⁸
2073 5576 2186 5644 (70)
2228 5574 2706 5656 MichaelBalbus:
2737 5591 2901 5656 quem
2933 5578 3074 5634 ιωεω
3099 5577 3398 5656 maiestatis
3421 5596 3576 5635 reum

2003 5645 2058 5719 in
2095 5660 2314 5719 carcere
2361 5645 2639 5719 detinebat
2681 5643 2793 5702 Leo
2833 5647 3129 5719 Armentis,
3180 5643 3356 5719 ipsum
3412 5662 3574 5706 nocte

2002 5713 2472 5842 Ertaligegomini
2519 5715 2662 5772 inter
2716 5731 2873 5774 sacra
2921 5717 3038 5790 ipsa
3087 5713 3379 5774 trucidavit
3431 5735 3576 5776 anno

2065 5801 2132 5840 tr.
2287 5826 2299 5838 .

2065 5801 2132 5840 η’.
2175 5801 2299 5840 δῑυ.
