4026 6422
484 455 522 520 ’1
535 453 638 521 4Ξ3

1548 455 1627 516 'S.
1661 453 1973 515 TABASII
2025 453 2560 519 .PATRIARCHZE
2621 461 2729 523 CP.

3611 464 3744 544 ιρι

499 573 706 644 optima
738 581 795 626 et
825 569 1274 640 praestantissima
1308 584 1374 624 ex
1407 568 1693 634 trimetris,
1716 552 2076 634 tetrametris,
2111 573 2153 624 A
2183 569 2549 628 humilitatem
2579 584 2634 630 et
2658 569 2964 630 inornatam
2988 575 3303 644 dictionem,
3329 597 3508 638 neme
3529 600 3733 650 accuses

499 664 811 726 trochaicis,
844 672 900 718 et
935 662 1278 732 anapazstieis
1321 677 1385 718 ac
1426 663 1667 718 heroicis
1701 680 1716 718 :
1757 663 1870 718 hoc
1893 669 2074 718 autem

495 755 723 812 obierim
755 756 810 810 in
843 754 1035 820 sacris,
1069 769 1191 824 qua:
1243 755 1657 810 ate‘eoncinne
1699 754 1942 824 quotidie
1977 754 2074 809 ha-

491 849 618 904 bitae
647 857 792 912 sunt,
817 848 1180 916 orationibus,
1210 847 1278 903 ad
1303 848 1607 902 animarum
1633 849 2070 914 aediﬁcationem,

489 948 545 995 ct
577 948 930 1011 augmentum
957 940 1230 995 universae
1253 941 1586 1008 venerandae
1609 941 1870 996 Ecclesiae
1897 959 1910 994 :
1937 957 2073 1011 quas

463 1032 652 1088 celeri
685 1032 979 1088 calamoet
1007 1041 1309 1088 atramento
1333 1033 1478 1089 notis
1511 1034 1811 1104 excipiens,
1841 1043 1898 1091 et
1925 1035 2071 1107 opti-

465 1125 592 1179 -,mis
622 1125 847 1180 tradens
888 1123 1250 1195 scriptoribus
1275 1125 1512 1180 studium
1550 1126 1801 1191 adhibui,
1833 1135 1894 1182 ut
1937 1127 2070 1183 arti-

471 1219 671 1274 ‘ﬁeiose
720 1218 1058 1274 referrentur
1099 1219 1152 1273 in
1187 1217 1454 1275 codicem.
1488 1217 1631 1274 Su’nt
1657 1235 1736 1275 ea;
1766 1235 1898 1276 vero
1924 1221 2072 1290 ejus-

482 1312 654 1378 modi,
685 1317 745 1366 ut
775 1327 872 1382 per
893 1325 988 1366 eas
1008 1312 1264 1368 omnibus
1283 1320 1620 1383 proponatur
1641 1313 1763 1382 pius
1793 1312 2068 1384 purusque

481 1404 663 1458 cultus
696 1419 762 1458 ac
801 1402 935 1458 ﬁdes
977 1421 990 1457 :
1029 1403 1243 1473 publica
1277 1413 1460 1458 autem
1506 1413 1730 1459 notetur
1769 1404 2066 1474 ignominia

481 1494 754 1550 somnium
797 1494 1198 1550 haereticorum.
1261 1494 1316 1548 Si
1350 1497 1496 1549 enim
1530 1497 1604 1548 tui
1637 1495 1948 1560 obliviscar,
1979 1511 2070 1551 ex-

479 1587 656 1642 eidam
689 1601 720 1641 a
761 1586 855 1640 Dei
887 1586 1145 1640 memoria
1185 1604 1198 1640 :
1229 1594 1284 1639 et
1327 1585 1432 1640 nisi
1459 1585 1541 1640 tui
1577 1585 1906 1653 meminero,
1938 1586 2068 1656 lapi-

458 1677 924 1748 ~dibusprojieiar
995 1678 1050 1730 in
1099 1676 1426 1746 profundum
1499 1685 1605 1732 τοι
1635 1677 1838 1748 lingua,
1887 1686 1948 1734 ut
1979 1679 2066 1733 di-

454 1769 553 1824 veit
581 1768 800 1824 divinus
829 1767 1300 1841 l’salmographus,
1318 1769 1595 1824 adhaereat
1617 1767 1864 1826 faucibus
1885 1769 2062 1840 (Psal.

452 1877 688 1925 ~cxxxvr,
717 1860 813 1930 6);
853 1859 957 1914 hoc
984 1869 1068 1916 est
1116 1861 1261 1916 enim
1301 1861 1435 1915 mihi
1483 1862 1725 1916 omnium
1755 1862 2061 1918 debitorum

473 1953 954 2023 pretiosissimum,
985 1953 1060 2008 tui
1103 1968 1320 2024 semper
1347 1953 1552 2008 habere
1579 1955 1635 2009 in
1660 1955 1836 2011 corde
1868 1971 2058 2012 monu-
2083 1955 2088 1960 ’

471 2053 738 2099 mentum.

541 2137 626 2190 57.
665 2135 743 2190 De
773 2147 971 2193 cancro
1001 2147 1184 2193 autem
1227 2153 1442 2208 aequum
1478 2147 1584 2204 est,
1635 2151 1696 2195 ut
1725 2141 1793 2197 ad
1826 2151 1880 2198 te
1919 2158 2054 2199 con-

468 2233 752 2280 vertamus
787 2227 1122 2294 orationem,
1171 2243 1205 2282 ο
1258 2228 1353 2284 Dei
1385 2245 1564 2295 serve,
1595 2231 1924 2304 quicumque
1955 2249 2048 2295 es.

467 2316 562 2386 qui
595 2332 684 2396 me
712 2318 989 2374 nolentem
1021 2318 1257 2375 incitasti
1301 2321 1367 2376 ad
1413 2323 1515 2376 hoc
1543 2331 1841 2386 certamen,
1877 2337 1932 2380 et
1959 2341 2051 2382 co-

466 2408 623 2478 egisti
679 2406 895 2480 a'ggredi
949 2426 1034 2478 ea,
1087 2415 1208 2482 quis
1243 2413 1390 2470 vires
1434 2423 1719 2485 superant.
1759 2416 1879 2474 Tibi
1927 2435 2047 2476 mea

446 2511 692 2572 .accepta
725 2503 801 2558 sit
828 2503 1162 2570 obedientia,
1217 2514 1271 2560 et
1318 2521 1454 2562 mea:
1484 2507 2049 2581 orationisaspieiens

480 2643 682 2659 ..ιι-.-

478 2661 680 2674 ..ι-σι*

691 2649 2996 2676 W

2177 663 2546 735 negligentiae.
2580 665 2698 721 Non
2729 668 2877 723 enim
2910 668 3097 724 divino
3123 669 3270 726 Patri
3299 671 3497 749 aliquid
3528 677 3730 748 dignum

2176 756 2482 824 attulimus,
2518 767 2614 813 aut
2639 761 2921 830 potuimus
2951 769 3121 832 prope
3145 763 3404 818 accedere
3437 767 3500 820 ad
3521 768 3735 840 dignita-

2175 856 2288 902 tem
2324 847 2542 914 harum,
2588 855 2712 919 quae
2750 865 2928 920 prope
2969 860 3119 916 sunt,
3152 852 3438 910 virtutum.
3468 855 3572 912 lies
3599 862 3732 918 enim

2171 953 2392 994 omnem
2420 940 2636 996 dicendi
2669 940 2986 1019 facultatem
3015 955 3296 1014 superant.
3321 945 3456 1002 adeo
3478 957 3538 1004 ut
3558 967 3736 1015 omnes

2171 1032 2488 1088 laudatores
2515 1047 2583 1088 ex
2611 1049 2771 1104 aequo
2799 1049 2916 1089 non
2947 1046 3312 1106 assequentur
3337 1040 3578 1097 oratione
3597 1059 3733 1112 eum,

2170 1126 2264 1198 qui
2297 1126 2401 1198 ipsi
2425 1127 2682 1194 debetur,
2711 1127 3002 1183 honorem.
3026 1128 3140 1200 Ego
3165 1139 3367 1196 autem,
3390 1131 3482 1202 qui
3505 1137 3738 1193 omnium

2169 1219 2488 1292 longissime
2511 1219 2704 1298 absum
2735 1219 2804 1275 ab
2833 1233 2900 1274 eo
2928 1218 3202 1274 laudando
3231 1235 3332 1290 pro
3361 1221 3585 1290 meritis,
3616 1239 3736 1295 pro-

2169 1327 2316 1382 pono
2366 1321 2678 1382 promptam
2728 1319 2784 1366 et
2825 1311 3061 1366 alacrem
3091 1309 3454 1376 voluntatem,
3503 1321 3562 1367 ut
3601 1315 3737 1370 seei--

2165 1403 2370 1473 piatur,
2403 1411 2464 1456 ut
2501 1401 2678 1472 quiet
2715 1399 2956 1456 laborem
2995 1399 3212 1455 dicendi
3249 1399 3450 1469 inopia,
3485 1402 3736 1474 senioque

2167 1503 2224 1548 et
2248 1493 2441 1548 morbo
2466 1493 2705 1564 frangar.
2733 1491 2816 1548 Tu
2843 1507 2978 1548 vero
3004 1492 3312 1548 mercedem
3339 1508 3404 1548 ac
3431 1508 3735 1562 remunera-

2167 1585 2372 1640 tionem
2403 1600 2433 1640 a
2455 1585 2566 1640 Deo
2597 1585 2897 1656 acceperis,
2926 1586 3368 1650 intercessorem,
3401 1584 3734 1643 defensorem

2165 1687 2220 1732 et
2247 1687 2736 1749 propugnatorem,
2767 1686 2823 1732 et
2845 1685 2952 1732 tua:
2971 1677 3090 1746 spei
3121 1677 3560 1748 adiinpictorem,
3584 1695 3735 1749 quem

2164 1785 2232 1825 ex
2257 1770 2369 1825 Deo
2404 1769 2668 1834 dilexisti,
2702 1769 2914 1824 habens
2945 1767 3256 1824 Tarasium.
3301 1766 3407 1834 Qui
3438 1776 3496 1824 et
3536 1770 3650 1824 suis
3674 1771 3737 1826 ad

2164 1861 2336 1917 Deum
2387 1861 2878 1943 intercessionibus
2907 1859 3116 1916 aﬁ‘atim
3158 1867 3215 1916 et
3255 1875 3451 1916 secure
3484 1861 3734 1930 praebeat,

2161 1971 2282 2026 quze
2313 1963 2444 2010 sunt
2475 1955 2600 2010 usui
2634 1953 2702 2010 ad
2728 1954 2876 2009 hanc
2902 1953 3166 2010 caducam
3199 1951 3388 2019 vitam,
3421 1959 3478 2007 et
3505 1961 3736 2022 praestet.

2157 2056 2217 2104 ut
2241 2057 2348 2104 tua:
2372 2047 2502 2103 vitae
2549 2047 2628 2101 ita
2668 2045 2784 2102 illic
2829 2045 3028 2101 reddas
3069 2043 3360 2108 rationem,
3395 2051 3459 2097 ut
3479 2058 3608 2097 reus
3633 2058 3732 2097 non

2151 2143 2454 2212 peragaris.
2489 2140 2648 2208 Quod
2685 2149 2880 2195 tecum
2929 2137 3092 2194 detur
3139 2137 3396 2214 omnibus
3453 2136 3730 2206 consequi,

2151 2235 2244 2306 qui
2282 2250 2418 2305 pure
2460 2250 2525 2290 ae
2573 2233 2789 2289 sincere
2839 2231 2895 2286 in
2942 2229 3115 2286 Deum
3174 2235 3566 2300 speraverunt,
3620 2227 3734 2296 ejus

2153 2325 2328 2398 gratia
2355 2335 2411 2380 et
2436 2323 2675 2395 copiosis
2707 2321 3184 2384 miserationibus,
3232 2319 3614 2375 intercedente
3659 2319 3736 2373 in-

2155 2425 2422 2474 temerata
2469 2427 2526 2472 et
2569 2425 2722 2472 easta
2771 2414 2865 2470 Dei
2915 2413 3203 2471 Genitriee
3237 2419 3294 2467 et
3325 2410 3647 2466 ccclestibus
3683 2420 3731 2466 et

2145 2514 2410 2569 omnibus
2444 2509 2668 2567 sanctis.
2697 2509 2894 2564 Amen.

681 2652 3656 2690 W

1173 2806 1306 2920 .s.
1396 2810 1970 2980 TABASII
2047 2814 3015 2932 PATBIABCHIE
3087 2776 3150 2852 ’-

1147 3002 1220 3092 Α
1243 3001 2074 3099 POLOGETICUS
2171 3011 2323 3099 AD
2413 3008 3036 3102 POPULUM.

1503 3155 1732 3228 .(MANSI,
1759 3159 1966 3216 Concil.
1983 3161 2188 3219 collect.
2213 3173 2252 3219 ι.
2281 3161 2400 3230 XII,
2435 3179 2489 3234 p.
2532 3163 2684 3235 985.)

463 3417 836 3488 Apotogeticus
865 3415 934 3470 ad
963 3414 1216 3486 pupulum
1248 3430 1280 3468 a
1317 3411 1546 3469 Tarasio
1575 3431 1609 3468 a
1651 3415 1864 3470 serratis
1899 3433 2043 3472 com.

2166 3420 2629 3490 Ἆπολοτητικὸς
2677 3421 2829 3488 πρὸς
2847 3419 2958 3474 τὸν
2977 3419 3554 3499 λαὸγσχεδιασθεῖς
3581 3415 3740 3486 ἐνιῇ

513 3509 782 3578 ‘pendiose
815 3509 992 3562 dictus
1021 3507 1108 3560 die
1149 3522 1256 3578 qua
1299 3507 1679 3562 intimauerunt
1723 3509 2046 3575 imperantes

536 3602 692 3656 lrene
733 3609 782 3654 et
835 3599 1218 3656 Constantinus
1259 3599 1490 3670 populis,
1527 3610 1586 3653 ut
1625 3599 1772 3670 ﬁeret
1808 3603 2046 3671 patriar-

533 3695 632 3748 cha
657 3707 676 3748 ε
703 3694 794 3764 qui
821 3701 869 3748 et
896 3702 1165 3760 promotus
1187 3699 1264 3746 est
1291 3691 1579 3746 indictione
1605 3702 1814 3756 octava,
1845 3709 1984 3748 anno
2012 3709 2046 3747 α

520 3787 796 3840 ιτνεαιεοηε
829 3783 1016 3838 mundi
1045 3781 1208 3838 69.95.

531 3919 901 3977 Immaculata:
931 3918 1051 3973 ﬁdei
1087 3927 1312 3983 nostrae,
1361 3919 1416 3975 id
1453 3927 1539 3975 est
1574 3918 2041 3984 Christianorum,

451 4013 741 4076 custodes,
774 4020 1044 4068 eteorum
1082 4026 1205 4081 quae
1233 4011 1288 4066 in
1319 4011 1550 4081 gloriam
1585 4012 1674 4068 Dei
1705 4013 1844 4068 ﬁunt
1871 4029 2045 4068 a‘mu-

463 4111 682 4172 latores,
739 4105 927 4161 ﬁdeles
959 4106 1317 4175 imperatores
1371 4105 1569 4173 nostri,
1603 4115 1864 4178 tanquam
1890 4123 2040 4182 'om-

461 4203 613 4256 nium
662 4199 716 4254 in
752 4197 1153 4268 beneplacitum
1187 4198 1328 4268 ejus,
1359 4206 1416 4254 et
1465 4199 1518 4254 in
1559 4200 1908 4255 commodum
1941 4215 2044 4255 no-

464 4303 662 4357 strum,
696 4289 1136 4349 Christianorum
1169 4291 1418 4346 videlicet
1446 4305 1640 4346 curam
1679 4291 1958 4360 facientes,
1988 4302 2044 4349 et

465 4386 708 4440 maxime
759 4399 910 4440 nunc
960 4383 1332 4440 ecclesiastica
1384 4385 1603 4456 negotia
1649 4385 1933 4456 diligenter
1985 4396 2042 4442 et

456 4477 692 4533 sollicite
709 4475 1142 4546 considerantes,
1167 4491 1278 4548 quo
1300 4492 1550 4534 summus
1577 4479 1836 4534 sacerdos
1861 4481 1914 4534 in
1939 4479 2042 4538 hac

461 4571 610 4640 regia
647 4568 783 4624 urbe
813 4582 912 4624 sua
947 4569 1401 4635 constitueretur,
1433 4569 1488 4625 in
1521 4586 1636 4627 suae
1668 4573 1884 4642 pietatis
1915 4575 2039 4628 ani-

463 4677 614 4716 mum
647 4676 742 4716 me
793 4670 1241 4731 assumpsernut,
1297 4671 1352 4716 et
1401 4675 1462 4718 ut
1501 4664 1863 4720 manifestum
1905 4665 2036 4720 mihi

2217 3513 2431 3584 ἡμέρῃ,
2455 3509 2495 3587 ᾗ
2519 3511 2840 3584 ἐδήλωσαν
2861 3517 2916 3568 οἱ
2957 3513 3403 3579 βασιλεύοντες
3425 3512 3558 3578 τοῖς
3571 3510 3742 3575 λαοῖς

2215 3604 2322 3660 τοῦ
2345 3606 2626 3676 γενέσθαι
2663 3607 3074 3676 πατριάρχην,
3111 3605 3274 3674 παρὰ
3302 3606 3614 3676 Ταρασιου
3637 3601 3739 3658 τοῦ

2215 3697 2318 3751 καὶ
2363 3696 2888 3768 προχειρισθέντπ
2951 3699 3039 3764 εις
3102 3695 3446 3764 ὶνδικτιῶνα
3493 3695 3736 3765 ὀγδόην,

2213 3787 2392 3856 ἔτους
2416 3788 2537 3846 ἀπὸ
2569 3791 2822 3857 κτίσεως
2854 3789 3088 3858 κόσμου
3112 3787 3342 3862 ,ς’σιιγ’.

2215 3927 2278 3980 0i
2308 3926 2410 3998 τῆς
2441 3927 2750 3997 ἀμωμήτου,
2787 3921 2950 3997 ἡμῶν
2987 3925 3227 3990 πίστεως
3246 3925 3354 3979 τῶν
3383 3923 3738 3995 Χριστιανῶν

2145 4014 2410 4085 φύλακες,
2441 4021 2537 4069 καὶ
2559 4015 2804 4086 ζηλωταὶ
2833 4016 2942 4069 τῶν
2970 4017 3051 4080 εἰς
3076 4015 3236 4080 δόξαν
3265 4014 3404 4068 Θεοῦ
3429 4015 3738 4085 γινομένων

2145 4107 2333 4160 πιστοὶ
2395 4107 2638 4179 βασιλεῖς
2698 4106 2992 4179 ἡμῶν,.ὡς
3046 4107 3269 4162 πάντων
3306 4107 3391 4170 εἰς
3435 4106 3738 4178 ἀρέσίειαν

2142 4198 2335 4270 αὐτοῦ,
2367 4201 2463 4254 καὶ
2484 4201 2568 4264 εἰς
2600 4201 2880 4272 συμφέρον
2925 4199 3083 4270 ἡμῶν
3113 4199 3230 4272 ’τῶν
3255 4198 3620 4270 Χριστιανῶν
3643 4197 3733 4268 sip

2143 4291 2410 4363 φροντίδα
2443 4292 2782 4362 ποιούμενοι,
2821 4291 3060 4362 μάλιστα
3105 4292 3162 4345 δὲ
3200 4291 3308 4344 τῶν
3333 4291 3762 4362 ἐκκλησιαστιο,

2142 4382 2256 4437 κῶν
2295 4385 2392 4438 καὶ
2427 4383 2522 4438 νῦν
2552 4384 2828 4455 ἐπιμελῶς
2875 4383 3448 4455 διαμεριμνήσαντες,
3479 4384 3581 4436 καὶ
3619 4383 3730 4435 δια-

2141 4475 2427 4546 νοηθέντες
2457 4477 2554 4531 τοῦ
2593 4477 2858 4549 ἀρχιερέα
2883 4475 3334 4550 προχειρισθῆναι
3359 4477 3422 4528 ὲν
3455 4473 3638 4545 ταύτῃ
3668 4474 3735 4544 τῇ

2142 4566 2382 4638 βασιλίδι
2407 4568 2589 4624 αὐτῶν
2618 4569 2794 4636 πόλει,
2833 4570 3017 4622 ἐπὶ-τὸ
3047 4568 3248 4640 εὐσεϐῆ
3279 4565 3475 4622 αὐτῶν
3507 4565 3640 4622 νοῦν
3669 4581 3736 4635 με

2139 4660 2422 4738 ἀνέλαϐον,
2457 4645 2582 4715 και
2609 4661 2862 4732 φανερῶς
2919 4679 3010 4732 μοι
3060 4661 3299 4740 ἐξειπεῖν
3343 4660 3408 4713 τὸ
3439 4658 3738 4730 βεϐουλευ-

460 4747 782 4802 redderetur
807 4748 954 4818 quod
981 4748 1254 4803 consiliati
1289 4758 1438 4816 sunt,
1475 4763 1870 4822 praeceperunt.
1899 4754 2034 4810 Cum

2158 4753 2310 4821 ιένον
2335 4753 2519 4816 αὐτοῖς
2563 4751 2882 4807 ἐκέλευσαν.
2921 4751 3086 4823 Ἐμοῦ
3139 4751 3197 4805 δὲ
3238 4750 3378 4822 πρὸς
3415 4751 3587 4806 τοῦτο
3645 4751 3738 4804 ἀν-

431 4851 562 4908 ·ιιεο
591 4836 696 4892 hoc
720 4852 808 4892 me
826 4837 1110 4908 indignum
1136 4853 1261 4895 esse
1285 4840 1724 4911 pronuntiarem,
1749 4851 1804 4897 et
1830 4843 2036 4900 nullam

2158 4843 2288 4910 ἱξιον
2333 4843 2576 4914 ἐμαυτὸν
2605 4839 2744 4898 εἶναι
2799 4842 3252 4914 ἀποφηναμένου,
3282 4844 3382 4898 καὶ
3455 4843 3736 4914 μηδεμίαν

459 4928 982 4985 condescensionem
1016 4928 1252 4986 facerem
1289 4933 1504 5003 (utpote
1529 4933 1624 5002 qui
1652 4933 1844 5004 jugum
1875 4935 2042 5008 hujus

459 5021 693 5076 sarcinae
729 5029 951 5086 portare
981 5029 1036 5076 et
1064 5021 1294 5078 suﬁ‘erre
1323 5038 1434 5078 non
1468 5029 1733 5096 possem),
1756 5025 2040 5096 jusserunt

457 5126 551 5166 me
580 5108 782 5164 adduci
817 5118 946 5165 ante
975 5109 1170 5165 faciem
1219 5121 1480 5182 vestram,
1520 5129 1632 5191 pro
1677 5130 1744 5170 eo
1790 5116 1935 5186 quod
1985 5127 2040 5172 et

460 5203 626 5273 huius
655 5203 869 5259 consilii
925 5203 1222 5274 participes
1253 5205 1432 5262 οπεοιί
1467 5207 1588 5262 sitis
1621 5223 1635 5260 :
1669 5214 1723 5262 et
1760 5223 1908 5264 nunc
1936 5209 2037 5264 viri

459 5293 754 5350 Dominum
811 5295 1088 5364 timentes,
1142 5307 1198 5352 et
1247 5313 1373 5353 eum
1408 5313 1625 5368 semper
1675 5300 1730 5354 in
1781 5300 2042 5358 cordibus

455 5387 660 5444 vestris
697 5389 991 5456 trahentes,
1023 5404 1121 5445 vos
1165 5393 1280 5456 aio,
1329 5375 1422 5460 qui
1470 5389 1683 5463 Christi
1729 5391 2037 5456 vocatione.

457 5479 596 5544 veri,
629 5480 881 5534 videlicet
926 5481 1021 5536 Dei
1073 5483 1270 5550 nostri,
1301 5481 1664 5540 nominamini
1699 5483 2036 5541 Christiani:

458 5571 646 5626 audite
687 5571 870 5627 brevis
917 5573 1190 5628 sermonis
1215 5573 1286 5628 ab
1313 5575 1615 5646 exiguitate
1637 5589 1704 5630 ac
1732 5575 2040 5632 humilitate

457 5672 647 5717 nostra
691 5663 978 5719 rationem.
1013 5663 1126 5736 Ego
1178 5665 1400 5735 quidem
1451 5665 1720 5737 quidquid
1769 5665 2034 5737 piissimis

457 5751 884 5822 imperatoribus
911 5755 1118 5811 nostris
1148 5763 1203 5811 et
1231 5770 1326 5825 per
1375 5757 1562 5811 omnia
1591 5757 1916 5814 orthodoxis
1945 5773 2031 5814 re-

462 5843 802 5912 sponderim,
826 5845 988 5899 etiam
1021 5844 1076 5900 in
1103 5855 1394 5915 conspectu
1428 5855 1608 5903 vestro
1631 5846 1860 5905 rationis
1895 5863 2029 5904 meae

2139 4936 2540 5005 συγκατάθεσιν
2574 4935 2952 5006 ποιησαμένου
2975 4975 2990 4999 ,
3019 4935 3095 4999 ὡς
3131 4937 3222 4990 τὸν
3264 4934 3436 5005 ζυγὸν
3466 4935 3567 4990 τοῦ
3605 4951 3738 5007 φορ-

2135 5027 2253 5082 τίου
2291 5029 2368 5101 μὴ
2389 5028 2695 5100 δυναμένου
2746 5027 3012 5100 βαστάσαι
3041 5027 3074 5100 ἢ
3115 5029 3471 5098 ὑπενεγκεῖν,
3505 5027 3734 5080 ἐκέλευ-

2139 5120 2239 5174 σάν
2270 5139 2337 5191 με
2380 5121 2696 5192 προαγάγαι
2727 5119 2870 5192 κατὰ
2900 5117 3197 5191 πρόσωπον
3254 5117 3441 5190 ὑμῶν,
3475 5119 3617 5174 διότι
3641 5117 3736 5171 καὶ

2139 5211 2422 5284 σύμψηφοι
2445 5214 2707 5282 γεγόνατε
2739 5215 2804 5284 τῇ
2824 5211 2991 5288 βουλῇ
3005 5211 3200 5285 ταύτῃ.
3225 5211 3336 5266 Καὶ
3361 5209 3468 5265 νῦν
3495 5207 3618 5278 οὖν,
3641 5211 3736 5264 ἄν·

2135 5301 2260 5373 δρες
2293 5303 2619 5374 φοϐούμενοι
2643 5305 2736 5358 τὸν
2765 5305 2900 5359 Θεὸν
2919 5347 2934 5371 ,
2968 5306 3061 5359 καὶ
3092 5305 3311 5375 ἔχοντες
3342 5304 3522 5359 αὐτὸν
3559 5305 3651 5358 ἀεὶ
3678 5304 3735 5357 ὲν

2135 5397 2259 5459 ταῖς
2281 5395 2534 5464 καρδίαις
2555 5397 2730 5466 ὑμῶν,
2767 5399 2816 5452 oi
2842 5401 2910 5470 τῇ
2952 5397 3191 5470 Χριστοῦ
3226 5397 3425 5470 κλήσει
3454 5398 3560 5452 τοῦ
3597 5396 3735 5466 ἀλη-

2137 5485 2286 5542 Θινοῦ
2339 5487 2476 5542 Θεοῦ
2525 5487 2684 5560 ἡμῶν
2731 5489 3150 5561 ὀνομαζόμενοι,
3178 5491 3516 5562 Χριστιανοὶ
3566 5489 3736 5557 λέγω,

2135 5579 2406 5635 ἀκούσατε
2431 5581 2637 5652 βραχὺν
2669 5581 2830 5651 λόγον
2860 5582 3159 5652 ἀπολογίας
3189 5581 3342 5655 παρὰ
3381 5583 3496 5652 τῆς
3532 5583 3738 5652 ἡμετέ-

2143 5686 2240 5734 ρας
2289 5671 2568 5735 εὐτελείας
2596 5673 2689 5726 καὶ
2721 5673 3095 5744 ossam-:0;
3129 5673 3276 5742 Ἐγὼ
3303 5673 3406 5744 μὲν
3448 5673 3508 5726 εἰ
3535 5689 3592 5726 τι
3623 5675 3738 5736 τοῖς

2136 5761 2418 5816 εὐσεϐέσιν
2441 5762 2599 5834 ἡμῶν
2629 5763 2910 5836 βασιλεῦσι
2951 5765 3047 5820 καὶ
3093 5765 3236 5820 κατὰ
3277 5759 3469 5818 πάντα
3509 5763 3740 5835 690056-

2133 5854 2246 5921 ξοις
2306 5853 2740 5928 ἀπελογησάμην
2759 5901 2774 5926 ,
2801 5859 2895 5913 καὶ
2921 5860 3156 5916 ἐνώπιον
3195 5859 3346 5930 ὑμῶν
3376 5857 3742 5930 προσαπολο-
