4026 6426
356 367 500 434 Ῑί25

1417 369 1986 432 APOLOGETICUS
2030 369 2131 430 AD
2157 364 2550 430 POPULUM.

3473 359 3618 425 1126

349 479 563 546 γοῐμαι
589 491 600 505 '
634 474 716 529 ὅτι
743 473 894 545 φόϐῳ
922 474 1220 547 συνέχομαι
1249 477 1584 536 καταθέσθαι
1615 479 1709 532 ἐπὶ
1733 480 1799 549 τῇ
1825 478 1930 549 ψή-

2042 477 2282 548 apologia
2326 473 2654 545 respondeo.
2699 468 2919 526 Timone
2967 468 3245 547 deprimor
3281 467 3348 522 ad
3379 483 3610 525 consen-

352 585 441 636 φῳ
465 566 666 638 ταύτῃ.
707 567 802 619 καὶ
828 565 1166 637 εὐλαϐοῦμαι
1205 567 1315 621 ἀπὸ
1347 567 1644 640 προσώπου
1679 567 1774 621 τοῦ
1795 567 1932 622 Θεοῦ

345 658 733 728 προσδραμεῖν
763 656 938 722 οὕτως
989 657 1250 724 εὐκόλως,
1288 659 1384 713 καὶ
1411 659 1486 722 ὡς
1523 659 1716 730 ἔτυχεν
1742 659 1933 730 ἀπερι·

355 747 634 808 σκέπτως,
669 747 758 800 ἵνα
816 746 891 818 μὴ
943 747 1204 802 ὐποπέσω
1259 749 1476 822 φοϐερῷ
1535 751 1930 822 κατακρίματι.

351 840 420 894 Et
459 840 570 909 γὰρ
611 841 641 894 ὁ
688 839 824 897 Θεοῦ
881 842 1076 911 φωνῶν
1123 843 1540 914 ἀκροασάμενος
1567 887 1581 906 ,
1613 845 1841 914 οὐρανόν
1868 862 1932 898 τε

351 927 605 998 ἔσχηκὼς
633 931 1055 1001 παιδευτήριον,
1077 931 1174 986 καὶ
1219 933 1550 1004 παραδείσου
1598 933 1801 1004 θεωρὸς
1839 950 1935 1002 γε·

351 1020 604 1106 νόμενος,
635 1020 878 1086 ἀκούσας
907 1038 966 1075 τε
998 1023 1214 1094 ἄρρητα
1240 1025 1494 1096 ῥήματα,
1517 1025 1612 1080 καὶ
1661 1025 1936 1096 βαστάσας

283 1147 292 1187 λ
350 1107 416 1165 τδ
461 1111 636 1181 ὄνομα
680 1112 790 1166 τοῦι
823 1113 966 1167 Θεοῦ
1006 1114 1236 1182 ἐνώπιον
1283 1115 1452 1173 ἐθνῶν
1519 1119 1614 1176 καὶ
1648 1116 1934 1188 βασιλέων,

287 1201 290 1206 ’
351 1201 574 1280 Παῦλος
601 1205 631 1256 ὁ
662 1202 804 1267 θεῖος
825 1204 1122 1285 ἀπόστολος
1151 1206 1462 1277 Κορινθίοις
1495 1209 1724 1277 γράφων
1744 1207 1900 1276 ἔλεγε
1919 1223 1932 1237 ’

357 1311 394 1346 ι.
419 1295 516 1364 Μή
542 1311 661 1357 πως
682 1294 864 1359 ἄλλοις
887 1295 1132 1370 κηρύξας
1147 1299 1310 1362 αὐτὸς
1333 1285 1591 1369 ἀδόκιμος
1613 1299 1882 1370 γένωμαι⁹
1911 1318 1929 1350 ι

281 1457 290 1465 1
356 1381 484 1457 argi;
517 1381 632 1451 ἑγὼ
653 1383 683 1436 ὁ
715 1384 793 1454 τῷ
819 1385 1010 1456 κόσμῳ
1031 1388 1630 1460 συναναστρεφόμενος,
1664 1390 1759 1444 καὶ
1799 1389 1938 1460 μετά

350 1469 566 1526 λαῖκῶν
592 1473 994 1546 ἠριθμημένος,
1019 1477 1115 1530 καὶ
1141 1480 1574 1560 στρατευόμενος
1603 1483 1662 1534 ὲν
1691 1483 1808 1546 tati;
1837 1481 1935 1548 βα-

353 1559 599 1625 σιλικαῖς
646 1563 1010 1636 ὑπηρεσίαις,
1044 1565 1194 1620 οῦτω
1237 1559 1408 1640 χωρὶς
1448 1571 1787 1641 ἀνακρίσεως
1844 1571 1937 1624 καὶ

352 1653 720 1740 προσκέψεως
763 1655 1001 1727 δύναμαι
1056 1659 1388 1732 εἰσπηδῆσαι
1433 1663 1516 1726 είς
1553 1662 1614 1714 τὸ
1647 1661 1746 1732 τῆς
1779 1664 1939 1734 ἱερω-

355 1740 528 1814 σύνης
552 1744 784 1812 μέγεθος
803 1764 818 1814 ;
835 1747 1069 1820 Φοϐερδν
1090 1751 1152 1804 τὸ
1185 1752 1496 1824 ἐγχείρημα
1515 1753 1652 1822 πρὸς
1673 1753 1771 1824 τὴν
1797 1752 1938 1823 ἐμὴν

354 1835 722 1926 Ῡμικράτηξτα,
758 1834 932 1907 θρασὺ
1079 1817 1460 1926 ὶπιτήδευμαλ
1496 1843 1530 1912 ἡ
1649 1817 1798 1896 αἰτία
1829 1817 1934 1912 μά·-
1969 1817 2014 1871 Β

353 1922 518 1976 λιστα
548 1925 644 1994 τοῦ
685 1928 851 1996 φόϐου
897 1930 993 1984 καὶ
1031 1931 1132 2001 τῆς
1181 1922 1322 2003 ὲμῆς
1365 1931 1755 2004 παραιτήσεώς
1785 1935 1936 1987 ἐστιν

353 2013 500 2088 αῦτη
523 2031 538 2045 ⁸
563 2016 678 2089 ὁρῶ
711 2019 804 2072 καὶ
833 2019 1016 2090 βλέπω
1039 2021 1138 2092 τὴν
1181 2025 1274 2077 ἐπὶ
1309 2023 1410 2095 τὴν
1441 2025 1647 2095 πέτραν
1701 2026 1934 2096 Χριστὸν

353 2105 446 2158 τὸν
501 2107 640 2160 Θεὸν
689 2109 851 2179 ἡμῶν
895 2111 1371 2186 τεθεμελιωμένην
1411 2115 1737 2186 Ἐκκλησίαν
1767 2115 1933 2170 αὐτοῦ

351 2195 743 2269 διεσχισμένην
770 2201 866 2254 νῦν
892 2203 987 2257 καὶ
1015 2203 1380 2276 διῃρημένην,
1423 2209 1518 2260 καὶ
1557 2209 1704 2278 ἡμᾶς
1743 2207 1935 2262 ἄλλοτε

351 2287 532 2352 ἄλλως
549 2289 864 2357 λαλοῦντας,
889 2296 984 2348 καὶ
999 2297 1126 2360 τοὺς
1141 2298 1408 2368 ἀνατολῆς
1431 2299 1758 2368 ὀμοπίστους
1775 2302 1809 2371 ἠ
1819 2301 1934 2371 μῶν

352 2379 723 2450 Χριστιανοὺς
751 2385 954 2456 ἑτέρως
976 2404 990 2418 ο
1022 2388 1118 2442 καὶ
1169 2389 1594 2458 συμφωνοῦντας
1623 2390 1722 2460 μὲν
1750 2384 1936 2455 αὐτοῖς

350 2469 482 2534 τοὺς
512 2473 615 2542 τῆς
642 2473 850 2539 δύσεως
875 2515 890 2540 ,
927 2475 1398 2550 ἠλλοτριωμένους
1429 2479 1487 2534 δὲ
1529 2474 1678 2552 ἡμᾶς
1707 2482 1934 2537 ἐκείνων

350 2561 652 2630 ἁπάντων,
685 2567 779 2619 καὶ
814 2567 938 2620 καθ’
975 2571 1214 2641 ἑκάστην
1246 2571 1337 2624 ὐπ’
1369 2571 1554 2626 αὐτῶν
1600 2571 1936 2644 ἀναθεματι-

352 2650 644 2721 ζομένους.
675 2655 861 2711 Δεινόν
892 2661 1009 2712 ἐστι
1038 2659 1100 2712 τὸ
1130 2660 1416 2730 ἀνάθεμα,
1447 2663 1640 2734 τιόρρω
1667 2663 1762 2716 τοῦ
1797 2663 1933 2719 Θεοῦ

353 2743 566 2812 βάλλει,
612 2747 709 2800 καὶ
749 2747 852 2818 τῆς
901 2747 1184 2819 βασιλείας
1225 2753 1334 2805 τῶν
1380 2753 1630 2825 οὐρανῶν
1659 2752 1934 2820 ἐκδιώκει,

351 2837 576 2906 ἁπάγον
603 2839 685 2902 εἰς
715 2839 776 2894 τὺ
812 2841 1004 2905 σκότος
1030 2841 1091 2896 τὸ
1123 2843 1415 2912 ἐξώτερον.

300 2932 312 2942 ⁸
361 2953 367 2958 ι
423 2925 712 2984 Οὐκόῐδεν
736 2931 766 2984 ὁ
790 2931 892 3001 τῆς
947 2934 1280 3006 Ἐκκλησίας
1313 2937 1482 3007 νόμος
1521 2938 1617 2992 καὶ
1653 2938 1781 3010 ὄρος
1819 2938 1936 3009 ἔριν

353 3019 388 3089 ἢ
410 3022 774 3089 φιλονεικίαν,
801 3025 918 3080 ἀλλ’
942 3025 1133 3098 ὥσπερ
1174 3023 1316 3082 οἶδεν
1366 3030 1648 3100 ὁμολογεῖν
1697 3031 1934 3095 εὐσεϐῶς

356 3111 417 3164 ἓν
449 3115 762 3186 βάπτισμα,
793 3117 922 3186 μίαν
946 3118 1315 3183 πίστινςοῦτω
1343 3121 1435 3174 καὶ
1463 3121 1783 3190 συμφωνίαν
1807 3121 1934 3192 μίαν

356 3200 454 3252 ἐπὶ
481 3202 688 3266 παντὸς
746 3204 1212 3274 ἑκκλησιαστικοῦ
1241 3207 1591 3280 πράγματος.
1618 3211 1786 3264 Οὐδὲν
1825 3211 1936 3282 γὰρ

357 3289 536 3355 οὕτως
565 3295 716 3348 ἐστὶν
765 3296 1002 3350 ἐνώπιον
1027 3296 1298 3354 τοῦθεοῦ
1339 3301 1701 3365 εὐαπόδεκτον
1729 3303 1824 3360 καὶ
1848 3303 1940 3355 εὐ-

329 3387 612 3454 ’άρεστον,
653 3387 730 3452 ὡς
762 3388 824 3442 τὸ
873 3389 1147 3460 ὲνωθῆναι
1180 3392 1348 3462 ἡμᾶς,
1396 3393 1494 3449 καὶ⁹
1521 3393 1777 3462 γενέσθαι
1810 3395 1940 3465 μίαν

357 3477 664 3549 καθολικὴν
709 3480 1058 3551 Ἐκκλησίαν,
1089 3483 1232 3539 καθά
1255 3483 1351 3540 καὶ
1372 3487 1430 3538 ὲν
1459 3486 1536 3558 τῷ
1561 3487 1817 3559 συμϐόλῳ
1841 3490 1942 3561 τῆς

355 3568 696 3638 εἰλικρινοῦς
731 3571 888 3641 ήμῶν
917 3573 1157 3643 πίστεῳς
1193 3576 1587 3650 ὁμολογοῦμεν.
1623 3579 1734 3634 Καὶ
1761 3579 1944 3635 αἰτοῦ-

345 3675 486 3728 -μαι,
523 3661 744 3730 ἀδελφοί
765 3679 782 3694 ο
807 3659 964 3733 οτμαι
1005 3664 1062 3728 δὲ
1094 3667 1190 3719 καὶ
1237 3667 1422 3738 ὑμεῖς,
1457 3669 1646 3742 ἐπειδὴ
1690 3670 1944 3739 γινώσκω

358 3751 452 3806 τὸν
481 3752 650 3822 φόϐον
670 3752 766 3807 τοῦ
795 3755 933 3808 Θεοῦ
963 3755 1108 3827 ἔχειν
1135 3759 1318 3828 ὑμᾶς’
1348 3761 1506 3830 παρά
1562 3761 1675 3815 τῶν
1720 3761 1943 3816 εὐσεϐε-

362 3845 578 3898 στάτων
608 3847 706 3900 καὶ
732 3847 1030 3918 ὀρθοδόξων
1059 3847 1330 3917 βασιλέων
1374 3851 1534 3922 ἡμῶν
1556 3893 1572 3918 ,
1599 3852 1818 3907 σύνοδον
1861 3855 1942 3908 oi-

281 3967 288 3975 ~
359 3937 716 4007 κουμενικὴν-
749 3939 1238 4008 ωναθροισθῆναιν
1276 3940 1367 4002 ἵνα
1399 3930 1716 4012 γενώμεθα·
1761 3943 1812 3996 οί
1845 3943 1940 3996 τοῦ

361 4025 480 4091 ἑνὸς
513 4023 650 4082 Θεοῦ
673 4027 732 4080 ἓν
753 4045 768 4060 ·
793 4031 887 4082 καὶ
907 4033 956 4083 ot
987 4031 1086 4099 τῆς
1109 4030 1363 4102 Τριάδος,
1394 4034 1670 4104 ἡνωμέναι
1694 4035 1789 4088 καὶ
1811 4035 1946 4104 ὀμό-

357 4117 525 4188 ψυχοι
551 4121 648 4173 καὶ
673 4120 951 4192 ὁμότιμοι.
983 4124 1046 4176 Ol
1081 4125 1181 4193 τῆς
1204 4123 1452 4194 κεφαλῆς
1481 4126 1512 4196 ἡ
1524 4124 1642 4195 μῶν
1670 4123 1938 4197 Χριστοῦ,

360 4209 528 4280 σῶμα
565 4210 624 4262 ἓν
673 4213 1256 4284 συναρμολογούμενον
1283 4215 1381 4268 καὶ
1415 4215 1938 4286 συμϐιϐαζόμενον-⁶

359 4301 410 4354 οἱ
437 4301 535 4356 τοῦ
563 4304 722 4371 ἁγίου
755 4304 1094 4374 ηνεύματος,
1125 4304 1187 4360 οὐ
1227 4307 1351 4360 κατ’
1389 4305 1658 4376 ἀλλήλων,
1687 4307 1824 4361 ἀλλά
1843 4309 1942 4362 σὺν

361 4392 614 4462 ἀλλήλοις
635 4410 650 4424 ·
666 4397 716 4454 oi
733 4396 832 4464 τῆς
842 4396 1128 4467 ἀληθείας,
1151 4396 1213 4451 τὸ
1234 4397 1369 4452 αὐτὸ
1385 4399 1715 4469 φρονοῦντες
1735 4401 1832 4454 καὶ
1851 4401 1937 4469 λέξ-

2037 567 2280 623 tiendum
2307 567 2434 622 huic
2457 563 2732 629 electioni,
2763 571 2818 618 et
2846 575 3102 624 revereor
3127 575 3156 614 a
3191 559 3329 614 facie
3362 559 3454 613 Dei
3485 575 3615 614 cur-

2035 674 2154 715 rere
2185 659 2366 714 taliter
2391 667 2445 713 et
2473 655 2886 728 quomodolibct
2911 653 3390 720 incircumspecte,
3417 659 3476 705 ut
3504 666 3616 703 ncn

2038 749 2264 806 terribili
2291 749 2636 805 damnationi
2687 747 3068 803 succumbam.
3104 745 3188 798 Si‘
3217 745 3362 798 enim
3411 741 3638 796 Paulus-

2035 838 2254 894 divinus
2299 838 2604 908 apostolus,
2654 837 2746 908 qui
2786 836 2881 890 Dei
2911 851 3077 893 voces
3125 834 3354 896 audivit,
3387 833 3618 891 cmlum-

2035 945 2140 1000 que
2181 929 2372 986 habuit
2419 935 2786 998 eorreptorcm
2837 925 2978 999 lGr.
3035 927 3244 982 scolam
3313 925 3617 994 correptio-

2036 1020 2210 1094 nem],
2246 1031 2300 1076 et
2330 1021 2573 1098 paradisi
2603 1021 2880 1090 inspector
2905 1019 3132 1075 effectus
3161 1027 3264 1082 est,
3299 1017 3624 1087 audivitque

2035 1127 2236 1167 arcana
2266 1111 2454 1175 verba,
2483 1119 2538 1166 et
2567 1111 2805 1182 portavit
2849 1126 3046 1166 nomen
3095 1110 3184 1164 Dei
3221 1110 3274 1164 in
3318 1119 3615 1182 conspectu

2037 1198 2324 1258 nationum
2372 1213 2428 1258 et
2471 1218 2682 1274 regum,
2723 1201 3024 1258 Corinthiis
3063 1203 3310 1258 scribens
3347 1201 3559 1255 dicebat
3598 1218 3613 1253 :

2043 1312 2062 1346 ι
2095 1291 2175 1348 Ne
2209 1292 2348 1349 forte
2387 1308 2512 1350 cum
2549 1293 2672 1348 aliis
2713 1294 3149 1364 praedicaverim,
3203 1292 3318 1362 ipsc
3352 1291 3647 1360 reprobus.

2036 1384 2239 1440 eﬂiciar
2267 1385 2284 1416 ⁸
2317 1403 2331 1438 :
2365 1405 2384 1436 ι
2421 1384 2698 1454 quomodo
2725 1398 2827 1454 ego
2860 1383 2952 1454 qui
2986 1383 3039 1436 in
3085 1383 3289 1436 mundo
3321 1393 3614 1434 conversa-

2039 1485 2147 1540 tus,
2179 1484 2378 1530 etcum
2416 1468 2572 1530 laicis
2613 1483 3062 1538 connumeratus,
3113 1459 3475 1544 imperatoriis
3509 1467 3614 1522 nii-

2037 1568 2460 1628 nistrationibus
2521 1567 2770 1634 militavi,
2831 1564 2912 1624 sic
2956 1569 3162 1638 alisque
3225 1565 3613 1634 dijudicalioim

2037 1669 2200 1730 atque
2232 1647 2720 1728 circumspectione
2750 1669 2976 1729 possum
3015 1657 3228 1713 insilire
3255 1657 3322 1712 ad
3355 1659 3614 1714 sacerdo-

2039 1752 2101 1806 tii
2131 1750 2605 1822 magnitudinem?
2635 1749 2980 1806 Horrendum
3015 1765 3283 1804 conamen
3321 1749 3386 1804 ad
3413 1749 3620 1818 exigui-

2041 1852 2208 1899 tatem
2238 1858 2414 1898 meam
2461 1849 2519 1898 et
2561 1842 2914 1898 temerarium
2965 1841 3211 1896 studium
3245 1859 3260 1896 :
3293 1855 3460 1895 causa
3495 1853 3620 1893 vero

2039 1928 2274 2004 timoris,
2305 1943 2360 1990 et
2393 1949 2526 1990 meae
2551 1933 3043 1990 refutationis-limc
3069 1939 3170 1987 est.
3229 1931 3448 2001 Aspicio
3472 1931 3617 1984 cnim

2039 2037 2092 2082 et
2120 2027 2281 2084 video
2327 2026 2654 2093 Ecclesiam,
2692 2041 2816 2098 quae
2865 2040 3031 2096 super
3075 2034 3282 2094 petram
3337 2023 3634 2078 Christum-

2041 2115 2210 2172 Deum
2245 2125 2493 2172 nostrum
2545 2115 2771 2171 fundata
2800 2124 2904 2181 est,
2941 2113 3171 2170 scissam
3207 2128 3353 2166 nunc
3399 2121 3452 2166 et
3476 2111 3621 2166 divi-

2040 2222 2182 2272 sam,
2223 2216 2280 2261 et
2313 2221 2416 2262 nos
2459 2207 2594 2262 alias
2629 2215 2794 2276 atque
2824 2204 2985 2259 aliter
3024 2203 3331 2274 loquentes,
3381 2211 3444 2255 et-
3462 2201 3619 2255 aliter

2039 2311 2134 2352 eos
2157 2295 2497 2351 Christianos
2521 2295 2616 2367 qui
2646 2296 2701 2350 in
2725 2295 2948 2350 Oriente
2980 2293 3143 2349 unius
3175 2292 3461 2346 nobiscum
3493 2301 3620 2345 sunt

2041 2387 2200 2456 ﬁdei;
2237 2387 2330 2443 sed
2349 2395 2414 2460 et
2455 2386 2540 2442 his
2566 2387 2967 2443 concordantes
2999 2383 3402 2448 Occidentales,
3433 2390 3486 2436 et
3516 2397 3629 2437 nos~

2039 2482 2110 2536 ab
2139 2480 2396 2536 onmibus
2427 2480 2538 2536 illis
2563 2480 2852 2545 alienatos,
2879 2488 2937 2535 et
2965 2495 2993 2534 a
3015 2495 3074 2535 se
3103 2477 3479 2550 persingulos
3499 2477 3620 2532 dies

2039 2571 2534 2628 anathematizatos
2571 2571 2796 2628 habere.
2830 2571 2959 2626 Dira
2993 2586 3150 2642 paena
3191 2579 3275 2624 est
3305 2570 3618 2631 anathema,

2023 2661 2230 2730 procul
2258 2675 2288 2716 a
2311 2659 2424 2717 Deo
2445 2660 2670 2733 emittit,
2699 2669 2754 2718 et
2773 2675 2805 2716 c
2839 2675 3006 2730 regno
3036 2659 3301 2715 caelorum
3337 2657 3620 2729 persequi-

2041 2761 2150 2820 tur,
2180 2761 2234 2810 et
2259 2751 2412 2808 ducit
2433 2751 2488 2806 in
2525 2753 2778 2814 tenebras
2806 2753 3129 2814 exteriores.

2053 2981 2060 2986 .
2110 2933 2297 2998 Nescit
2335 2933 2594 2991 Ecclesim
2646 2933 2729 2988 lex
2780 2933 2866 2987 vel
2925 2933 3194 2998 terminus
3243 2939 3450 2987 sectam
3501 2929 3620 2984 sive

2042 3029 2444 3096 contentionem
2471 3044 2487 3092 ;
2537 3027 2632 3084 sed
2682 3027 2828 3083 sicut
2859 3026 3013 3080 novit
3043 3010 3292 3080 conﬁteri
3325 3039 3495 3080 unum
3523 3023 3618 3077 ba-

2041 3121 2460 3197 ptisma,_unam
2503 3118 2684 3184 (idem,
2720 3117 2792 3172 ita
2845 3125 2900 3172 et
2941 3117 3294 3172 concordiam
3349 3129 3515 3169 unam
3563 3113 3618 3166 in

2041 3211 2197 3266 omni
2226 3210 2605 3266 ecclesiastico
2631 3210 2873 3278 negotio,
2903 3206 3048 3262 Nihil
3079 3207 3226 3264 enim
3276 3214 3361 3262 est
3407 3206 3461 3265 in
3491 3218 3622 3260 con-

2041 3312 2228 3374 Spectu
2260 3301 2359 3356 Dei
2393 3311 2504 3356 tam
2531 3309 2820 3370 acceptum
2852 3307 3014 3370 atque
3042 3297 3328 3369 placabile,
3369 3307 3534 3366 quam
3562 3305 3622 3348 ut

2041 3409 2212 3450 unum
2242 3393 2440 3456 simus,
2479 3399 2534 3447 et
2575 3405 2682 3461 una
2717 3389 3014 3450 eﬂiciamur
3043 3387 3282 3444 Ecclesia
3326 3386 3656 3447 catltolica,.

2040 3482 2534 3554 quemadmodum-
2559 3481 2614 3536 in
2657 3481 2904 3536 'sinccrat
2961 3489 3165 3535 nostra:
3214 3479 3336 3534 ﬁdei
3369 3478 3660 3550 symbolo‘

2040 3573 2384 3630 conﬁtemur.
2415 3571 2485 3627 Et
2507 3571 2745 3642 petimus
2768 3566 2894 3633 nos,
2925 3567 3140 3633 fratres,
3173 3576 3234 3624 ut
3270 3583 3395 3623 reor
3419 3577 3474 3622 et
3499 3581 3620 3630 vos,

2041 3663 2301 3734 quoniam
2333 3662 2449 3718 scio
2485 3676 2584 3718 vos
2625 3660 2875 3715 timorem
2907 3658 3000 3712 Dei
3043 3659 3266 3724 habere,
3301 3675 3330 3713 a
3358 3659 3624 3728 piissimis

2041 3764 2097 3812 et
2121 3753 2449 3828 orthodoxis
2475 3752 2908 3821 imperatoribus
2939 3751 3146 3807 nostris
3175 3750 3452 3822 synodum
3501 3752 3624 3806 uni«

2043 3845 2308 3902 versalem
2344 3843 2552 3914 colligi,
2593 3851 2655 3898 ut
2698 3841 3002 3898 etliciamur
3029 3857 3158 3907 nos,
3199 3843 3296 3913 qui
3341 3841 3503 3900 unius
3529 3842 3625 3896 Dei

2041 3953 2254 3996 sumus.
2283 3952 2486 4004 unum;
2507 3943 2570 3992 et
2602 3937 2697 4006 qui
2719 3935 3004 3992 Trinitatis
3023 3933 3262 3990 cultores
3284 3933 3623 3994 cxsistimus,
3657 3985 3668 3990 _

2044 4031 2180 4089 uniti
2215 4038 2270 4084 et
2303 4029 2594 4090 unanimes
2626 4035 2683 4082 et
2717 4027 2982 4097 collegae;
3011 4037 3070 4082 et
3093 4029 3186 4097 qui
3225 4027 3422 4097 capitis
3450 4027 3626 4081 nostri

2040 4122 2245 4179 Christi
2269 4137 2482 4184 saluus,
2507 4120 3042 4189 eﬂieiamuracorpus-
3065 4127 3654 4187 unum,.compactum.

2041 4221 2208 4281 atque
2262 4226 2572 4270 connexum
2609 4229 2626 4266 :
2661 4220 2718 4268 et
2763 4211 2858 4280 qui
2883 4210 3086 4266 .saucti
3133 4209 3374 4280 Spiritus
3407 4223 3625 4272 sumus,

2041 4307 2340 4362 eiiioiamur
2373 4320 2484 4360 non
2530 4295 3024 4380 contra~invicem,
3065 4301 3159 4359 sed
3205 4313 3306 4372 pro
3341 4301 3576 4356 invicem
3609 4317 3624 4354 :
3659 4347 3666 4352 .

2046 4407 2107 4454 et
2137 4399 2230 4468 qui
2271 4397 2518 4454 veritatis
2556 4396 2896 4460 exsistimus,
2918 4393 3224 4452 edieiamur.
3257 4393 3496 4462 idipsum
3537 4406 3630 4448 διι-
3661 4427 3672 4433 -

362 4500 575 4552 γοντες,
609 4486 706 4539 καὶ
734 4487 810 4558 μὴ
899 4487 1017 4557 ἔρις
1040 4490 1138 4543 καὶ
1155 4490 1477 4562 διχοστασία
1499 4493 1558 4546 ἰν
1585 4491 1717 4568 ἡμῖν
1740 4503 1756 4522 ⁹
1789 4484 1940 4556 δίδως

2047 4492 2258 4562 pientes
2286 4499 2454 4562 atque
2486 4490 2750 4552 dicentes,
2784 4497 2846 4545 et
2887 4502 2997 4544 non
3033 4487 3111 4544 sit
3152 4487 3226 4542 in-
3247 4487 3629 4543 nobis-certa-
3659 4521 3664 4525 η

358 4576 396 4643 ἡ
423 4577 728 4649 εἰρήνηετοῦ
748 4573 895 4632 ’Θεοῦ
922 4581 958 4650 ἠ
999 4579 1347 4652 ὑπερέχουσα
1383 4583 1567 4638 πάντα
1589 4582 1735 4648 νοῦν,
1772 4599 1946 4654 φρου·

368 4667 512 4736 ρὴ-σῃ
543 4667 752 4732 πάντας
785 4669 958 4739 ἡμᾶς.
981 4670 1092 4724 Καὶ
1119 4672 1290 4740 εἰμὲν
1315 4667 1410 4730 οῦν
1427 4671 1744 4726 κελεύουσιν
1771 4675 1821 4726 οἱ
1847 4674 1948 4744 τῆς

363 4755 674 4828 ὀρθοδοξίας
698 4763 977 4833 πρόμαχοι
1001 4763 1242 4834 βασιλεῖς
1257 4765 1292 4836 ή
1301 4764 1418 4834 μῶν
1443 4765 1540 4818 ἐπὶ
1567 4767 1644 4836 τῇ·
1665 4767 1774 4836 ἐμῇ
1797 4766 1948 4819 εὐλό-

365 4853 676 4925 γῳαίτήσει
713 4853 1024 4920 ἐπινεῦσαι,
1050 4856 1498 4928 συγκατατίθημι
1537 4856 1695 4925 κάγὼ
1723 4859 1818 4911 καὶ
1837 4859 1939 4927 τὴν

367 4942 616 4998 κέλευσιν
641 4946 824 5003 αὐτῶν
849 4947 1135 5018 ὲκπληρῶ,
1155 4949 1252 5003 καὶ
1272 4949 1302 5001 ὑ
1310 4947 1428 5020 μῶν
1451 4949 1551 5020 τὴν
1561 4948 1748 5020 ψῆφον
1761 4949 1949 5004 ἀσπά-

367 5031 554 5104 ζομαι.
589 5035 651 5090 Εἰ
685 5037 740 5090 δὲ
769 5039 842 5110 μή
873 5056 972 5108 γε,
998 5040 1276 5116 ἀδυνάτως
1324 5041 1435 5112 ἔχω
1487 5043 1650 5094 τοῦτο
1696 5043 1964 5112 ποιῆσαι,.

368 5123 457 5178 ἵνα
493 5127 569 5200 μὴ
599 5129 892 5199 ὑποϐληθῶ
914 5133 992 5201 τῷ
1029 5133 1336 5205 ἀναθέματι
1357 5175 1372 5200 ,
1401 5133 1498 5188 καὶ
1525 5133 1742 5205 εὑρεθῶ
1775 5153 1946 5189 κατα-

366 5216 752 5306 δεδικασμένος
789 5225 848 5277 ἐν
883 5227 947 5296 τῇ
980 5227 1167 5298 ἡμέρᾳ
1203 5225 1296 5280 τοῦ
1325 5225 1518 5300 κριτοῦ
1558 5227 1666 5280 τῶν
1694 5227 1833 5282 ὅλων
1850 5228 1947 5281 καὶ

368 5311 466 5380 τῆς
519 5313 874 5389 δικαιοσύνης
897 5333 912 5348 ·
945 5317 1076 5372 ἔνθα
1115 5317 1242 5372 οὔτε
1293 5318 1536 5388 βασιλεῖς
1560 5359 1576 5384 ,
1603 5317 1729 5373 οὔτε
1754 5322 1944 5390 ἱερεῖς,

370 5399 490 5456 οὔτε
549 5407 844 5478 ἄρχοντες,
873 5407 998 5462 οὐτε
1045 5410 1250 5481 πλῆθος
1284 5411 1587 5483 ἀνθρώπων
1619 5410 1844 5467 δύναταί
1880 5430 1948 5484 με

370 5495 674 5560 ἐξελέσθαι.
706 5501 814 5554 Καὶ
834 5501 888 5554 εἴ
907 5521 960 5555 τι
985 5504 1207 5574 ἄριστον
1231 5507 1324 5558 καὶ
1349 5503 1578 5574 ἀρεστὸν
1607 5504 1757 5575 ὑμῖν,
1793 5504 1950 5558 ἀδελ-

359 5591 482 5657 φοὶ,
535 5593 654 5646 δότε
709 5593 808 5664 τῆς
860 5597 1001 5666 ὲμῆς
1050 5597 1380 5665 ἀπολογίας,
1410 5597 1616 5667 φράσαι
1645 5597 1705 5650 δὲ
1745 5595 1948 5666 μᾶλλον

375 5683 644 5754 ιιίτήσεως
680 5685 780 5757 τὴν
823 5688 1140 5759 ἀπόκρισιν.
1193 5689 1470 5758 ’Λσμένως
1513 5687 1570 5741 δὲ
1600 5689 1946 5760 ἠκροάσαντο

448 5777 462 5806 ¹
501 5779 515 5830 l
546 5778 676 5832 Cor.
717 5795 790 5844 is,
819 5778 909 5833 27.

2045 4601 2170 4640 nieu
2224 4584 2342 4642 sive
2397 4583 2670 4653 dissensio
2703 4601 2717 4639 :
2749 4593 2808 4638 ut
2840 4597 2948 4654 pax
3003 4580 3124 4652 Dei,
3159 4595 3284 4650 qua:
3335 4585 3630 4648 exsuperat

2045 4692 2262 4734 omnem
2296 4691 2546 4739 sensum,
2578 4676 2793 4731 muniat
2809 4690 3014 4732 omnes
3065 4688 3166 4729 nos
3191 4687 3210 4724 :
3241 4677 3300 4728 et
3327 4670 3374 4726 si
3405 4669 3628 4740 quidem
3657 4715 3665 4720 .

2039 4769 2326 4840 iusserint
2355 4766 2719 4822 orthodexim.
2751 4773 3213 4836 propugnatores,
3239 4808 3246 4814 .
3272 4761 3632 4830 imperatores
3659 4797 3669 4806 .

2047 4854 2934 4928 videlicet»nostri,.postulati0ni
2977 4867 3113 4909 meae
3151 4851 3318 4921 iusta:
3364 4862 3665 4916 annuere,.

2051 4955 2336 5014 consentio
2361 4961 2416 5010 et
2435 4968 2564 5024 ego,
2593 4963 2650 5008 et
2670 4953 2973 5023 iussionem
3005 4962 3198 5004 eorum
3225 4945 3469 5016 implebo
3494 4963 3508 5000 :
3545 4943 3669 5000 sin.

2053 5057 2260 5112 autem,
2300 5045 2642 5119 impossibile
2678 5042 2816 5099 mihi
2849 5051 2934 5098 est
2969 5041 3073 5096 hoc
3109 5037 3315 5104 facere,
3347 5051 3416 5094 ne
3457 5033 3634 5105 subji-

2053 5141 2170 5196 ciar
2214 5135 2574 5200 anathemati,
2613 5143 2668 5190 et
2708 5133 2958 5189 inveniar
3007 5125 3496 5186 condemnatus-in
3546 5125 3658 5180 die.-

2053 5229 2270 5284 Domini
2301 5212 2474 5283 nostri
2503 5234 2561 5283 et
2576 5225 2716 5297 justi
2742 5223 2945 5296 iudicis
2973 5241 2988 5278 :
3016 5221 3111 5277 ubi
3137 5233 3319 5290 neque
3342 5219 3636 5286 imperator

2053 5319 2488 5395 [imperatores],
2529 5333 2706 5389 neque
2742 5315 3002 5373 sacerdos
3024 5307 3426 5387 [sacerdotes],
3461 5324 3637 5378 neque
3667 5343 3672 5348 -

2053 5413 2306 5486 princeps
2347 5410 2696 5486 [principes],
2757 5423 2938 5479 neque
2990 5406 3288 5462 hominum-
3337 5402 3640 5463 multitudo

2053 5506 2254 5576 poterit
2299 5506 2511 5574 eripere
2559 5519 2690 5558 me:
2735 5509 2790 5556 et
2828 5497 3098 5572 quidquid
3156 5495 3426 5570 placuerit
3456 5491 3637 5556 voltis,

2053 5599 2276 5660 fratres,
2296 5597 2419 5650 date
2465 5595 2729 5666 apologiae
2753 5609 2906 5658 meae,
2940 5591 3052 5647 imo
3075 5604 3204 5647 vero
3234 5585 3481 5660 petitioni
3505 5598 3645 5638 meze

2054 5704 2397 5760 responsum.
2429 5687 2504 5759 (l)
2546 5685 2611 5741 Et
2669 5687 2900 5742 libenter
2951 5682 3240 5740 audierunt
3292 5691 3482 5734 omnes
3519 5689 3642 5744 qna:

453 5872 529 5941 (l)
565 5869 695 5936 Quae
719 5885 1020 5943 sequuntur
1049 5873 1306 5944 deinceps
1340 5875 1501 5933 verba
1530 5883 1653 5930 sunt
1692 5875 1966 5944 Anastasii
2004 5875 2428 5932 Bililiotliecarii.
2461 5875 2634 5934 “af-0.
