4026 6378
297 363 450 430 rm

1720 370 2120 434 EPISTOL/E.’

3421 363 3567 429 mn

291 501 394 554 νην
446 480 842 556 χαριέστερονς
885 482 1040 540 Ἐπεὶ
1069 483 1128 539 δὲ
1147 483 1454 558 ἀνέστησάν
1477 503 1624 552 τινες
1650 488 1868 559 ἄνδρες,

1989 505 2107 544 vero
2149 491 2572 546 insurrexerunt
2604 487 2826 560 quidam
2869 486 3018 552 viri,
3066 485 3300 543 formam
3339 488 3562 558 quidem

299 575 587 644 μόρφωσιν
644 573 744 645 μὲν
799 575 1084 640 εὐσεϐείας
1149 576 1390 648 ἔχοντες,
1437 579 1520 633 ὅτι
1574 581 1876 651 ἱερωσύνης

296 665 519 736 aue-mp.
549 665 993 738 περιεϐέϐληντο.
1029 665 1128 739 τὴν
1157 667 1216 722 δι
1252 669 1484 741 δύναμιν
1512 670 1685 740 αὐτῆς
1716 672 1878 742 ἠρνη-

298 757 472 830 μένοι,
509 757 620 822 τῶν
650 757 1007 814 Βαϐυλωνίων
1043 759 1239 832 ἱερέων
1282 760 1384 831 τὴν
1411 763 1750 832 κατηγορίαν
1767 765 1878 816 im-

297 849 642 919 σπασάμενοι
662 863 678 878 ·
710 849 806 913 οὓς
831 851 926 904 καὶ
955 852 990 922 ή
1041 851 1356 923 προφητεία
1415 851 1742 924 θριαμϐεύει
1788 853 1876 909 λέ-

294 955 469 1006 γουσα
505 955 520 970 ·
563 957 584 990 ι
630 939 888 1011 Ἐξῆλθεν
914 940 1128 1013 ἀνομία
1155 942 1216 1007 ἐξ
1239 941 1432 1014 ἱερέων
1469 943 1811 1008 Βαϐυλῶνος.
1851 963 1870 996 ι

295 1034 522 1088 Μᾶλλον
542 1033 600 1088 δι
633 1035 943 1104 Καῖφαῖκδν
977 1036 1256 1109 συνέδριον
1285 1038 1710 1109 συστησάμενοι.
1753 1056 1877 1106 γεν-

229 1126 248 1200 j
269 1170 276 1175 .
295 1127 524 1196 νήτορες
554 1127 812 1195 γεγόνασι
858 1126 1139 1180 δυσσεϐῶν
1170 1127 1540 1198 διδαγμάτων.
1590 1129 1704 1183 Καὶ
1737 1131 1877 1202 ἀρᾶς

233 1217 246 1231 “
294 1217 390 1270 καὶ
420 1217 655 1287 πικρίας
681 1217 900 1288 ἔχοντες
943 1219 1140 1290 στόμα,
1199 1221 1262 1273 τὸ
1286 1219 1380 1273 ἱπὶ
1435 1222 1624 1283 κακοῖς
1666 1220 1877 1291 ἰσχύειν

292 1306 453 1372 δόξαν
484 1308 826 1377 ὲλογίσαντο.
853 1309 968 1372 Καὶ
985 1309 1278 1382 δύσφημον
1322 1309 1540 1383 ἔχοντες
1601 1311 1874 1380 γλῶτταν,

295 1397 389 1471 xui.
412 1396 665 1466 κάλαμον
697 1397 1082 1479 ὑπουργοῦντα
1146 1398 1342 1474 ταύτῃ,
1373 1401 1494 1464 sui;
1524 1401 1878 1466 αὐτολέκτοις

293 1487 387 1544 τοῦ
429 1487 580 1543 Θεοῦ.
600 1491 809 1558 φωναῖς
837 1489 1144 1562 μαχόμενοι
1173 1491 1668 1564 ἔτερατολὸγησαν.
1697 1493 1760 1548 τὸ
1789 1493 1879 1565 βα-

297 1581 499 1635 σίλειον
529 1581 834 1652 ἱεράτευμα
884 1583 983 1637 καὶ
1011 1582 1166 1649 ἔθνος
1197 1582 1378 1652 ἀιγιον,
1406 1585 1877 1658 τοὺς,ὲνδυσαμέ-

297 1689 419 1736 νους
451 1673 716 1742 Χριστὸν,
743 1673 840 1730 καὶ
861 1675 930 1744 τῇ
970 1673 1162 1745 χάριτι
1196 1673 1367 1728 αὐτοῦ
1402 1673 1783 1739 ἀνασωθέντας
1812 1677 1879 1730 ἐκ

296 1767 394 1834 τῆς
425 1754 536 1817 τῶν
561 1763 1474 1837 εἱδώλωναλάνηςμεὶδωλολάτρας
1501 1766 1879 1822 ἀποκαλέσαν-

293 1831 408 1915 τες.
467 1853 581 1908 Καὶ
606 1855 948 1926 κακουργίας
975 1831 1196 1926 έχοντες
1222 1831 1474 1926 γνώμην,
1505 1857 1710 1928 χεῖρας
1749 1855 1878 1910 ἀθέ-
1909 1831 1950 1886 Β

297 1959 466 2012 σμους
491 1942 784 2009 ἐπέϐαλον,
821 1943 1349 2017 ἀφανίσαιοὶόμενοι
1371 1944 1470 2016 τὴν
1497 1943 1610 1999 τῶν
1662 1943 1878 1999 σεπτῶν

295 2033 524 2088 εἰκόνων
558 2034 1052 2106 ἀναζωγράφησιν.
1081 2035 1191 2088 Καὶ
1239 2035 1340 2089 ὅσα
1378 2034 1478 2105 μὲν
1530 2035 1610 2089 ὲκ.
1645 2034 1879 2106 ψηφῖδος

294 2123 444 2191 εντα,
483 2122 768 2196 ἐξώρυξαν
796 2142 811 2156 ·
843 2126 945 2180 ὅσα
999 2125 1056 2180 δὲ
1079 2127 1144 2181 ἐκ
1180 2125 1494 2200 κηροχύτου
1518 2143 1881 2197 χρωματουρι-

297 2219 421 2285 γίας
454 2216 745 2283 λεάναντες
770 2218 892 2273 τῶν.
918 2218 1138 2274 σεπτῶν
1174 2218 1322 2273 ναῶν
1352 2219 1451 2290 τὴν
1477 2219 1778 2290 εὐκοσμίαν
1797 2221 1880 2284 εἰς

300 2309 580 2382 ἀκοσμίαν
627 2310 966 2382 ,μετέϐαλονέ
992 2311 1099 2367 Σὺν
1127 2312 1347 2376 τούτοις
1364 2311 1421 2365 δὲ
1457 2311 1552 2366 καὶ¹
1576 2312 1643 2366 τά
1675 2311 1734 2364 ἐν
1785 2328 1883 2366 σα-

300 2401 440 2455 νίσιν
467 2402 552 2466 εἱς
602 2403 828 2474 μνήμην
859 2403 992 2458 ὂντα
1022 2403 1262 2475 Χριστοῦ
1297 2403 1393 2457 τοῦ
1423 2401 1578 2465 Θεοῦ,
1598 2403 1758 2473 ἡμῶν
1787 2405 1883 2458 καὶ

299 2491 408 2544 τῶν
439 2491 617 2559 ἀγίων
645 2491 813 2547 αὑτοῦ
847 2493 982 2564 πυρὶ
1046 2493 1376 2564 παρέδωκαν
1409 2507 1424 2522 ⁸
1484 2493 1580 2546 καὶ
1623 2493 1698 2556 ὼς
1749 2493 1884 2557 ἔπος

302 2582 500 2648 εἰπεῖν,
559 2583 661 2646 τὰς
717 2583 839 2637 καθ’
894 2585 1046 2655 ἡμᾶς
1110 2583 1414 2656 ἐκκλησίας
1506 2580 1884 2654 λυμηνάμενοι

302 2673 658 2747 διετάραξαν.
694 2676 806 2730 Καὶ
831 2675 1183 2748 αἰρεσιάρχαι
1207 2676 1258 2728 οἱ
1304 2676 1556 2746 ἱεράρχαι
1586 2673 1882 2744 γεγόνασι·

304 2765 396 2818 καὶ
429 2767 554 2822 ἀντὶ
591 2767 690 2836 μὲν
725 2767 952 2838 εἱρήνης
997 2767 1114 2839 ἔριν
1142 2767 1220 2839 τῷ
1250 2767 1363 2838 λαῷ
1422 2767 1886 2840 προσεφώνησαν,

306 2857 428 2912 ἀντὶ
464 2856 525 2910 δὲ
561 2856 711 2910 σίτου
741 2855 961 2922 ζιζάνια
997 2859 1116 2920 ταῖς
1175 2839 1660 2926 ὲκκλησιαὰιικαὶς
1723 2839 1888 2929 ἀρούο

309 2965 428 3018 ραις
467 2947 799 3020 ὲνέσπειραν
825 2963 841 2978 ’
886 2947 980 3002 τὸν
1005 2943 1150 3001 οἶνον
1177 2947 1371 3018 ἔμιξαν
1424 2945 1600 3010 ὕδατι,
1651 2949 1744 3002 καὶ
1795 2949 1888 3002 τὸν

309 3037 548 3109 πλησίον
589 3037 849 3090 ὶπότισαν
891 3037 1212 3109 ἀνατροπὴν
1258 3037 1488 3108 θολεράν
1519 3055 1531 3068 ⁸
1576 3039 1671 3093 καὶ
1731 3037 1887 3094 λύκοι

1980 581 2198 650 pietatis
2223 579 2507 646 habentes,
2541 579 2801 650 quoniam
2835 577 3132 636 sacerdotii
3161 577 3430 648 dignitate
3456 577 3567 632 cir-
3665 576 3671 582 ”

1981 671 2296 729 cumamicti
2329 681 2491 738 sunt;
2547 671 2810 726 virtutem
2849 677 3032 725 autem
3061 669 3180 739 ejus
3205 669 3563 738 abnegantes,

1977 773 2033 819 et
2077 763 2536 834 Babylonensium
2589 763 2934 818 sacerdomm
2977 761 3308 816 calumniam
3351 758 3371 830 ι
3405 774 3566 814 accu-

1980 851 2290 925 sationem]
2329 853 2694 922 arripientes;
2741 868 2883 922 quos
2923 860 2980 908 et
3009 851 3292 922 prophetia
3324 844 3567 920 publicat

1977 944 2220 1001 dicens:
2279 962 2299 997 ι
2347 943 2580 1016 Egressa
2627 953 2712 1000 est
2773 944 3033 1016 iniquitas
3097 959 3128 998 a
3185 943 3565 1000 sacerdotibus

1980 1035 2276 1108 Babylonis
2299 1038 2340 1091 ¹¹.
2373 1055 2392 1088 ι
2431 1035 2547 1091 lmo
2576 1051 2706 1092 vero
2733 1035 3096 1106 Caiphaicum
3129 1037 3422 1092 concilium
3449 1045 3565 1090 sta-

1981 1137 2219 1192 tuentes,
2251 1128 2526 1196 genitores
2563 1126 2691 1183 facti
2711 1138 2841 1182 sunt
2866 1128 3188 1198 dogmatum
3220 1127 3516 1196 impiorum
3547 1144 3562 1174 :

1977 1229 2031 1272 et
2064 1233 2128 1273 os
2164 1217 2564 1274 maledictionis
2595 1226 2649 1274 et
2680 1219 3062 1274 amaritudinis
3090 1219 3390 1280 habentes,
3425 1231 3566 1286 pra-

1977 1309 2161 1363 valere
2194 1308 2250 1362 in
2280 1307 2442 1364 malis
2463 1300 2692 1380 gloriam
2715 1308 2965 1364 arbitrati
2995 1317 3146 1364 sunt.
3189 1307 3568 1379 Infamemque

1977 1399 2219 1470 linguam
2258 1408 2316 1454 et
2349 1399 2620 1456 calamum
2659 1401 3064 1456 ministrantem
3107 1399 3238 1455 huic
3281 1399 3579 1468 possiderh

1980 1499 2088 1555 iss,
2113 1502 2172 1546 et
2196 1505 2360 1546 voces
2387 1506 2510 1560 quae
2538 1491 2608 1548 ah
2637 1490 2898 1562 ipsoDeo
2913 1480 3162 1560 prolatae
3193 1500 3352 1552 sum,
3389 1489 3587 1561 impii--

1975 1589 2234 1649 gnantes,
2273 1591 2440 1654 atque
2493 1591 2810 1652 portentose
2863 1583 3066 1653 regale
3089 1583 3453 1638 sacerdotium
3475 1619 3491 1642 ,
3514 1589 3572 1637 et

1977 1681 2194 1742 gentem
2221 1680 2470 1726 sanctam
2492 1711 2512 1736 ,
2555 1682 2610 1727 et
2656 1687 2764 1727 eos
2789 1673 2886 1743 qui
2926 1673 3211 1728 Christ
3243 1672 3566 1736 induerunt,

1977 1773 2034 1819 et
2057 1763 2232 1836 gratia
2251 1763 2459 1834 cjusab
2479 1764 2744 1820 idolorum
2761 1778 2950 1820 errore
2963 1765 3158 1822 salvnti
3177 1775 3328 1826 sunt.
3343 1763 3569 1820 idolola-

1979 1863 2091 1912 tras
2113 1864 2389 1912 vocantes.
2409 1853 2716 1926 Emequam
2735 1843 3348 1925 operationishabentes
3362 1863 3570 1920 votum,

1980 1961 2182 2002 manus
2213 1948 2281 2003 ad
2315 1946 2504 2002 illicita
2523 1989 2528 1996 .
2549 1947 2918 2013 immiserunt,
2945 1946 3200 2003 demoliri
3230 1946 3438 2018 opinati
3473 1961 3570 2004 ve-

1979 2038 2306 2093 nerabilium
2359 2038 2632 2108 picturam
2686 2037 3006 2107 imaginum.
3051 2035 3117 2092 Et
3157 2037 3380 2108 quidem
3423 2052 3574 2107 quae-

1981 2144 2206 2201 cunque
2231 2130 2300 2186 de
2324 2131 2558 2184 tessellis
2583 2127 2984 2185 fueruntJ‘acta
3003 2169 3020 2198 ,
3051 2128 3396 2184 eﬂ‘oderunt.:
3437 2144 3561 2196 qua:

1981 2237 2113 2278 vero
2149 2237 2370 2279 excera
2393 2220 2565 2278 .luere
2607 2221 2842 2294 perfuso.
2856 2223 3104 2278 colorum
3129 2235 3324 2292 opere,
3353 2221 3570 2276 deleve-

1985 2323 2146 2381 runt,
2177 2315 2688 2384 venerabiliumque
2727 2314 3028 2384 imaginum
3058 2312 3185 2387 [ϐν.
3219 2312 3568 2386 templorum]

1983 2405 2152 2461 decus
2181 2405 2237 2460 in
2268 2405 2508 2464 dedecus
2547 2405 2971 2460 transtulerunt.
3013 2404 3152 2462 Cum
3185 2405 3272 2460 his
3295 2415 3482 2460 autem
3518 2413 3575 2458 et

1981 2512 2052 2553 ea
2081 2513 2204 2568 qua:
2240 2495 2295 2551 in
2329 2497 2531 2553 tabulis
2564 2497 2636 2551 in‘
2654 2496 2974 2552 memoriam
3007 2495 3212 2552 Christi
3253 2495 3349 2550 Dei
3394 2485 3572 2552 nostei
3605 2534 3614 2544 .

1985 2594 2042 2641 et
2070 2597 2386 2641 sattctorum
2415 2585 2534 2652 ejus
2567 2586 2936 2651 exstiterunt,
2966 2584 3086 2654 igni.
3110 2583 3471 2639 tradiderunt.
3508 2582 3575 2638 Et

1988 2685 2049 2734 ut
2079 2677 2320 2748 apertius
2349 2677 2631 2741 dicamus,
2683 2676 2946 2734 ecclesias
2989 2684 3208 2731 nostras
3231 2676 3570 2746 depopulati,

1973 2765 2493 2832 _conturbaverunt:
2536 2775 2592 2821 et
2619 2765 2746 2820 facti
2787 2774 2918 2820 sunt
2943 2766 3224 2821 haereseon
3252 2763 3532 2836 principes
3555 2804 3570 2826 ,

1987 2859 2082 2928 qui
2111 2866 2269 2914 erant
2313 2857 2592 2928 principes
2624 2858 2975 2913 sacerdotum
3001 2873 3018 2923 ;
3066 2865 3122 2911 et
3154 2871 3254 2928 pro
3285 2871 3418 2926 pace
3449 2855 3573 2924 qui-

1988 2952 2113 3007 dem
2151 2952 2562 3006 contentionem
2609 2949 2816 3021 populo
2855 2948 3304 3005 acclamaverunt
3343 2965 3359 3002 :
3408 2963 3574 3014 porro

1990 3059 2091 3116 pro
2127 3045 2403 3100 frumento
2437 3043 2651 3100 zizania
2695 3043 2752 3098 in
2805 3041 3198 3124 ecclesiasticis
3227 3041 3374 3097 arvis
3403 3040 3576 3094 semi-

319 3129 604 3204 ’Apa6txo‘.
629 3129 802 3196 ὄντες,
827 3128 990 3200 δορὰν
1019 3129 1316 3199 προϐάτων
1338 3189 1344 3194 _
1370 3130 1750 3201 ὑπεκρίθησαν
1800 3131 1889 3202 εν-

1993 3131 2520 3200 ιιιινετιιιιι;,νίιιυιιι
2553 3131 2902 3186 miscuerunt
2946 3143 3136 3200 aquae,
3172 3135 3228 3184 et
3261 3128 3606 3203 proximum.

308 3222 578 3277 δύσασθαι
607 3239 623 3254 ο
663 3223 756 3276 καὶ
783 3222 885 3294 τὴν
937 3221 1197 3292 ἀλήθειαν
1259 3221 1782 3293 παραλογιζόμενοι,
1828 3223 1889 3277 τὸ

1991 3235 2317 3296 potaverunt
2351 3223 2715 3280 subversioue
2755 3223 3116 3280 turbulenta:
3163 3229 3220 3278 et
3276 3237 3403 3276 cum
3463 3220 3574 3291 lupi

308 3313 504 3384 ψεῦδος
533 3315 940 3368 ἐπεσπάσαντο.
1001 3312 1144 3367 amr
1187 3312 1272 3366 ὠά
1324 3313 1572 3368 ἀσπίδων
1621 3312 1888 3387 ἐρῤηξαν,

310 3407 401 3460 καὶ
431 3407 584 3460 ἱστὸν
617 3406 862 3477 ἀράχνης
882 3405 1026 3460 κατά
1055 3404 1147 3458 τὸν
1185 3407 1477 3477 προφήτην
1506 3405 1722 3474 ’ὑφαναν
1749 3423 1765 3437 ο
1791 3408 1888 3460 καὶ

307 3500 335 3551 ι
383 3497 598 3569 μέλλων
629 3497 739 3550 τῶν
777 3496 900 3552 ὠῶν
928 3495 1110 3551 αὐτῶν
1161 3499 1380 3566 φαγεῖν,
1440 3497 1740 3570 συντρίψας
1793 3497 1888 3564 οῦ,-

311 3607 423 3658 ριον
451 3589 513 3644 εὖ
526 3607 631 3661 ροι,
659 3589 756 3644 καὶ
785 3590 844 3643 ἐν
873 3587 1024 3660 αύτῷ
1063 3587 1380 3658 βαῖσιλὶσκον
1451 3588 1533 3644 ἱοῦ
1564 3591 1660 3646 καὶ
1714 3591 1888 3662 πνοῆς

309 3682 690 3756 θανατηφόρου
725 3681 788 3752 γέ
797 3684 987 3754 μονταζ
1379 3673 1385 3680 ’

381 3967 495 4020 Καὶ
523 3966 646 4020 ἐπεὶ
675 3963 852 4020 ταῦτα
883 3963 1029 4020 οὓτω
1061 3959 1451 4031 διὲθἐντο,,καὶ
1481 3963 1582 4036 τὴν
1633 3962 1894 4035 ἀλήθειαν
1925 4037 1928 4042 _

311 4059 370 4112 τὸ
393 4059 590 4130 ψεῦδος
618 4058 1001 4123 κατεϐὁσκετο,
1027 4059 1088 4112 ού
1124 4059 1566 4128 συνεχωρήσατε,
1599 4055 1893 4127 ἡμερώτα-

313 4149 392 4201 τοί
447 4166 511 4202 τε
546 4149 640 4202 καὶ
674 4146 1046 4218 ἀνδρειότατοι
1071 4145 1230 4218 ήμῶν
1263 4145 1523 4214 βασιλεῖς,
1550 4145 1609 4198 ὲν
1631 4145 1744 4206 τοῖς
1767 4141 1896 4214 ὑμε-

313 4241 495 4312 τέροις
525 4243 742 4312 χρόνοις
764 4237 1038 4310 τὴνοῦτω
1090 4237 1334 4309 λοιμώδη
1389 4237 1486 4291 καὶ
1542 4235 1892 4307 ψυχοφθόρον

318 4333 532 4405 πλςίιρισην⁸
569 4332 948 4402 ὲνδιαμὲνειν·
1009 4331 1146 4384 ἀλλά
1203 4327 1410 4402 ταύτην
1467 4331 1532 4399 τῇ
1601 4326 1766 4399 αὖρα
1798 4326 1893 4379 τοῦ

315 4427 458 4483 θείου
495 4426 813 4502 Πνεύματος
858 4423 956 4480 τοῦ
1017 4427 1076 4480 ὲν
1127 4425 1258 4496 ὑμῖν
1306 4423 1585 4487 οἰκοῦντος
1634 4421 1898 4493 ἀφανίσαι

317 4518 766 4590 προεθυμήθητε,
800 4518 950 4582 ὅπως
975 4514 1238 4582 εὐσταθὲς
1265 4514 1499 4587 διαμένῃ
1527 4515 1628 4586 τῆς
1677 4511 1901 4584 Ἐκκλη-

320 4611 442 4675 σίας
477 4611 539 4663 τὸ
563 4611 845 4680 σύστημα,
869 4607 966 4664 καὶ
994 4605 1090 4660 τοῦ
1126 4607 1332 4670 παντὸς
1363 4605 1611 4679 ὑπηκόου
1638 4603 1703 4659 τὸ
1759 4603 1897 4674 σύγ-

321 4719 516 4772 κριμα,
548 4699 647 4754 καὶ
673 4701 733 4754 τὸ
759 4697 1034 4772 βασίλειον
1064 4697 1220 4769 ὑμῶν
1243 4697 1388 4752 κατά
1445 4699 1548 4768 τὴν
1620 4696 1900 4769 ὑμετέραν

319 4793 634 4864 ἐπωνυμίαν
667 4789 957 4864 εἰρηνικῶς
979 4789 1331 4860 διευθύνηται
1407 4789 1503 4843 καὶ
1539 4789 1642 4844 οὐκ
1673 4789 1900 4843 ἀνεκτὸν

320 4886 354 4956 ἢ
385 4887 624 4960 φορητὸν
659 4883 1002 4958 ἡγήσασθαι,
1025 4883 1099 4938 τά
1132 4881 1234 4954 μὲν
1256 4879 1392 4938 ἄλλα
1447 4881 1695 4952 ὁμονοεῖν
1751 4881 1902 4952 ἡμᾶς

320 4977 416 5031 καὶ
445 4975 908 5052 συμϐιόάζεσθαι,
939 4974 1072 5046 περὶ
1107 4973 1166 5028 δὲ
1196 4973 1259 5028 τδ
1283 4973 1386 5044 τῆς
1427 4969 1577 5043 ζωῆς
1615 4973 1774 5044 ήμῶν
1807 4991 1902 5026 κε-

323 5069 569 5138 φάλαιον,
598 5069 720 5140 ήτοι
747 5068 848 5140 τὴν
868 5066 1096 5139 εἰρήνην
1128 5065 1240 5122 τῶν
1291 5065 1622 5138 ἐκκλησιῶν,
1685 5064 1899 5120 ἑαυτῶν

321 5158 774 5232 ἀπορρήγνυσθαι
809 5158 908 5213 καὶ⁵
942 5155 1341 5228 ἀποσχίζεσθαι
1361 5172 1378 5187 ο
1411 5155 1508 5212 καὶ
1539 5155 1716 5211 ταῦτα
1764 5157 1919 5230 Χρι-Δ

325 5245 448 5306 στοῦ
475 5247 770 5322 κεφάλαιον
795 5250 975 5318 δντος,
1025 5250 1186 5322 ήμῶν
1221 5249 1278 5304 δὲ
1330 5249 1567 5322 καθεξῆς
1603 5249 1741 5323 μέλη
1804 5249 1904 5306 καὶ

323 5341 380 5394 ιν
405 5343 566 5416 σῶμα
600 5343 690 5398 διὰ
717 5343 820 5414 τῆς
848 5341 988 5414 πρὸς
1015 5341 1283 5414 ἀλλήλους
1333 5340 1620 5413 ὁμοδοξίας
1673 5342 1767 5397 καὶ
1812 5342 1903 5397 πί-

327 5450 514 5499 στεως.
547 5437 637 5490 Διδ
666 5435 766 5506 τὴν
798 5433 950 5506 ἱερᾶν
979 5433 1142 5505 ήμῶν
1168 5432 1265 5486 καὶ
1317 5431 1748 5506 πολυάνθρωπον
1773 5449 1901 5486 συν-

326 5525 678 5600 αθροισθῆναι
699 5525 1028 5581 ἐκελεύσατε
1055 5525 1329 5598 ὁμήγυριν
1355 5527 1415 5578 ὲν
1463 5526 1640 5601 ταύτῃ
1689 5529 1756 5599 τῇ
1797 5527 1900 5581 Νι-

326 5621 502 5674 καέων
531 5617 886 5692 μητροπόλει,
914 5617 1002 5672 ἵνα
1024 5617 1124 5688 τὴν
1168 5617 1280 5671 τῶν
1319 5617 1630 5688 ἐκκλησιῶν
1680 5617 1900 5674 διάστα-

397 5801 416 5831 ¹
449 5802 580 5860 Dan.
625 5821 719 5862 xm
746 5849 760 5873 ,
797 5806 848 5860 5.
927 5805 948 5836 ⁸
977 5805 1078 5861 lsa.
1113 5823 1199 5862 ux
1226 5850 1239 5871 ,
1277 5808 1374 5862 5-5

1925 4572 1984 4634 D

1990 3316 2208 3372 Arabici
2254 3325 2476 3383 essent,
2521 3315 2658 3385 pelle
2687 3315 2872 3371 ovium
2919 3331 2978 3370 se
3021 3313 3423 3370 simulaverunt
3455 3329 3578 3369 esse

1990 3409 2212 3464 indutos
2265 3423 2281 3461 :
2342 3417 2397 3462 et
2455 3407 2687 3463 veritate
2741 3407 3069 3476 parvipensa
3125 3403 3574 3476 [defraudato],

1989 3497 2767 3568 mendaciumarripuermit'
2798 3513 2812 3550 :
2866 3497 2960 3552 sed
2995 3511 3098 3551 ova
3127 3495 3382 3564 aspidum
3414 3510 3578 3564 rupe-

1985 3600 2134 3654 runt,
2168 3600 2224 3647 et
2247 3591 2409 3646 telam
2440 3604 2657 3669 araneae
2685 3588 2986 3646 secundum
3025 3589 3350 3660 prophetam
3387 3597 3577 3640 texue-

1979 3692 2130 3747 runt,
2182 3690 2239 3740 et
2287 3683 2382 3753 qui
2429 3691 2784 3738 comesturus
2823 3689 2928 3747 est,
2975 3695 3137 3736 ovum
3215 3693 3408 3734 eorum
3446 3693 3580 3734 con.-

1989 3787 2194 3845 terens,
2243 3777 2567 3835 calefactum
2615 3775 2945 3850 [putridum]
3001 3774 3262 3840 inveniet,
3317 3785 3372 3833 et
3421 3773 3478 3828 in
3515 3789 3614 3828 eo.

1973 3875 2228 3944 regulum
2271 3887 2394 3929 esse
2425 3887 2638 3930 veneno
2671 3881 2728 3928 et
2771 3873 2968 3944 spiritu
3015 3870 3300 3926 mortifero
3331 3871 3577 3940 plenum.

2063 3964 2130 4018 Et
2161 3963 2291 4035 quia
2325 3963 2441 4018 haec
2475 3963 2552 4018 ita
2583 3962 2997 4032 disposuerunt,
3024 3970 3080 4018 et
3107 3963 3392 4020 veritatem
3423 3978 3546 4017 men
3566 3989 3581 4001 -

1991 4055 2208 4112 dacium
2244 4056 2464 4126 depavit
2486 4095 2502 4122 ,
2545 4071 2653 4110 non
2684 4055 3014 4118 iudulsistis,
3040 4054 3468 4111 mansuetissimi
3499 4066 3582 4114 at-

1991 4157 2100 4212 que
2175 4141 2462 4198 fortissimi
2508 4144 2886 4214 imperatores
2950 4144 3179 4208 nostri,
3241 4143 3622 4211 temporibus,

1991 4237 2193 4291 vestris
2229 4249 2700 4306 permaneretam
2739 4236 3083 4310 pestilentem
3120 4246 3176 4290 ct
3213 4236 3428 4292 animas
3457 4251 3602 4290 cor-.

1983 4339 2344 4398 rumpentem
2373 4344 2658 4395 errorem;
2707 4329 2802 4384 sed
2846 4329 2994 4384 hunc
3025 4345 3160 4384 aura
3183 4329 3365 4388 divini
3411 4329 3587 4399 Spiri—

1999 4427 2087 4475 tus
2116 4420 2212 4490 qui
2243 4421 2299 4475 in
2330 4421 2488 4476 vobis
2526 4407 3162 4488 habitat,.extermiuare
3196 4421 3585 4496 pt-oeurastisg
3617 4447 3623 4453 -

2000 4520 2286 4582 quatenus
2329 4513 2542 4568 stabilis
2595 4522 2922 4584 permaneat
2975 4512 3264 4571 Ecclesiae.-
3295 4523 3474 4572 ccetus
3535 4521 3624 4568 et.

2003 4612 2332 4659 cunctorum
2381 4604 2728 4662 subditorum
2763 4606 2984 4663 collatio
3023 4605 3348 4682 [collectio]
3371 4645 3390 4672 ,
3423 4616 3620 4678 atque-

2001 4683 2294 4765 imperium
2321 4705 2586 4766 ovestrum
2637 4695 2944 4756 secundum
2987 4713 3294 4770 cognomen
3340 4682 3584 4758 vestrum

2003 4785 2234 4856 paciﬁce
2293 4786 2588 4858 dirigatur.
2653 4785 2784 4842 Nec.
2823 4787 3109 4843 tolerabile
3171 4771 3588 4858 vel-portabilc

2001 4876 2261 4943 duxistis,
2289 4895 2401 4950 quo
2428 4880 2608 4934 minus
2636 4894 2810 4934 unum
2857 4876 2992 4952 [θον.
3025 4887 3084 4934 ιιι
3121 4879 3177 4937 ἱη
3211 4879 3335 4934 aliis
3362 4865 3616 4950 quidem.

2003 4986 2176 5026 unum
2200 5009 2216 5036 ,
2252 4968 2404 5042 etc.]
2445 4971 2816 5035 sentiremus,
2862 4977 2922 5036 et
2957 4968 3013 5024 in
3045 4968 3284 5042 idipsum
3320 4969 3588 5026 conveni-

2007 5078 2228 5129 remus,
2257 5073 2313 5118 et
2339 5079 2470 5135 erga
2502 5063 2867 5119 vicenostrae
2891 5062 3198 5135 capitulum
3221 5102 3237 5129 ,
3273 5063 3324 5118 id
3357 5072 3444 5120 est
3485 5079 3585 5136 pa.-

2005 5168 2126 5210 cem
2162 5152 2534 5210 Ecclesiarum
2557 5193 2574 5218 ,
2615 5168 2779 5209 nemo
2809 5168 2887 5208 exe
2917 5153 3123 5208 nostris
3154 5168 3214 5209 se
3253 5153 3590 5210 dlSeinderet

2005 5253 2062 5301 et
2084 5245 2430 5301 abscinderet
2451 5239 2586 5318 [Gn
2612 5243 2759 5301 Eccl.
2782 5252 2969 5301 essent
2993 5245 3135 5300 inter
3152 5261 3259 5300 nos
3281 5243 3546 5320 dissidia]
3572 5263 3591 5315 ;

2008 5350 2134 5392 cum
2165 5335 2418 5394 Christus
2446 5337 2518 5392 sit
2545 5345 2709 5407 caput
2734 5345 3010 5404 nostrum,
3041 5351 3143 5392 nos
3172 5347 3358 5392 autem
3390 5351 3594 5395 consc-

2009 5440 2242 5498 quenter
2283 5429 2531 5484 membra
2569 5439 2625 5485 et
2669 5444 2840 5484 unum
2886 5443 3087 5500 corpus
3131 5444 3230 5500 per
3283 5441 3488 5488 mutua:
3529 5446 3596 5486 ac

2010 5529 2178 5584 unius
2207 5527 2487 5600 opinionis
2522 5526 2705 5583 tidem.
2754 5526 2986 5598 Pmptcr
3028 5527 3174 5598 quod
3221 5544 3436 5585 sacram
3487 5543 3594 5584 nov

2009 5630 2180 5677 stram
2227 5631 2282 5679 et
2325 5621 2646 5696 populosam
2678 5621 3000 5692 congregari
3032 5620 3278 5694 jussistis
3317 5631 3595 5678 catervam
