4026 6396
383 363 552 431 ‘1431

1475 393 1482 399 ‘
1510 374 1573 438 S.
1607 373 1919 438 TARASII
1951 375 2462 443 PATRIARCH/E
2493 379 2598 445 GP.

3562 381 3704 448 153?.

413 484 470 541 in
499 485 606 542 hac
639 485 1006 544 Nicaeensium
1036 489 1369 562 metropoli,
1391 499 1459 548 ‘ut
1486 491 1858 552 Ecclesiarum
1888 495 1993 552 dis-

2112 516 2198 552 σιν
2247 500 2694 575 ἀποσεισάμενοι,
2769 500 2842 556 τὰ
2869 567 2872 571 ς
2903 499 3270 572 διεζευγμένα
3316 499 3456 572 πρὸς
3498 499 3702 554 ἕνωσιν

415 578 727 636 sensionem
769 582 1125 651 repellentes,
1149 583 1428 656 disiuncta
1471 587 1541 643 ad
1592 587 1854 646 unitatem
1893 597 2007 645 tra-

337 684 363 737 ‘1.
417 673 642 739 hamus;
677 672 730 728 in
761 688 885 730 eam
911 691 1077 746 quam
1103 679 1280 748 nuper
1312 680 1672 735 intexuerunt
1695 695 1764 736 ex
1797 681 2006 752 spineis

412 761 519 816 illis
548 763 978 832 ignominiosam
1014 781 1380 838 grossamqne
1402 757 1619 826 vestem
1641 811 1658 836 ,
1708 769 1760 826 id
1789 779 1877 826 est
1903 771 2006 826 do-

411 853 646 907 ctrinam
679 851 900 921 falsam,
933 856 1283 928 disrumpere
1319 867 1374 914 et
1403 859 1658 915 scindere
1681 901 1697 924 ,
1727 869 1782 916 et
1807 862 2004 918 ortho-

411 943 590 998 doxite
643 944 1020 1016 incorruptam
1078 961 1413 1004 conservare
1463 946 1600 1022 [Gn
1645 949 2002 1022 expandere]

333 1029 340 1042 '
412 1035 659 1092 tunicam
689 1038 1031 1094 studeamus.
1064 1038 1626 1112 ltaque-apostolicas
1663 1051 1718 1098 et
1744 1051 2004 1112 paternas

408 1128 736 1185 traditiones
786 1142 1086 1202 sequentes
1118 1173 1133 1198 ,
1201 1135 1474 1189 audemus
1533 1145 1716 1191 autem
1779 1134 2000 1200 dicere,

410 1224 832 1293 conspiratione
887 1227 1227 1284 sanctissimi
1291 1228 1533 1298 Spiritus
1581 1229 2001 1298 consonantes,

407 1317 756 1390 invicemque
775 1319 986 1374 collecti
1012 1315 1456 1395 [convenientes]
1485 1323 1725 1375 universi
1767 1330 2002 1377 concor-

409 1408 630 1462 dantem
659 1408 817 1464 nobis
843 1409 1118 1465 habentes
1145 1411 1496 1467 traditionem
1519 1409 1780 1467 Ecclesia:
1805 1413 2000 1468 catho-

411 1500 564 1568 licas,
600 1501 984 1558 consonantiis
1015 1516 1140 1572 quae
1166 1501 1418 1558 formatae
1447 1511 1578 1560 sunt
1607 1517 1640 1558 a
1671 1502 1882 1559 sanctis
1903 1505 2003 1559 se'x

406 1593 822 1668 universalibus
869 1596 1124 1652 conciliis
1174 1595 1485 1652 concordes
1530 1594 1710 1660 σεθοιὶ
1769 1610 2000 1663 sumus,

409 1684 942 1744 anathematizamus
961 1687 1080 1742 Arii
1103 1687 1408 1756 vesaniam,
1435 1687 1740 1744 Macedonii
1767 1687 2000 1751 rabiem,

405 1778 731 1851 Apollinarii
757 1779 1105 1838 insens'atum
1135 1795 1386 1846 sensum,
1416 1779 1656 1838 Nestorii
1695 1781 1996 1838 humanam

2107 591 2528 664 ὲ(ἕθελκύστυμεν,
2563 593 2661 650 καὶ
2681 591 3044 665 τῆν’έναγχος
3074 591 3412 662 ὐφανθεῖσαν
3445 591 3508 655 ἐξ
3536 592 3704 646 ἀκαν-

2107 681 2272 736 θίνων
2306 683 2570 754 νημάτων
2595 681 2918 755 συρφετὼδη
2952 681 3204 752 σισύραν,
3236 682 3417 736 εῐτουν
3449 679 3700 752 ψευδοδιο

2105 773 2434 841 δασκαλίαν,
2461 773 2758 846 διαρρῆξαι
2796 775 2893 830 καὶ
2939 773 3240 845 διασχίσαι,
3299 772 3397 827 καὶ
3447 772 3542 828 τὸν
3592 773 3699 842 τῆς

2105 865 2417 938 όρθοδοξίας
2435 864 2748 921 διαπλῶσαι
2785 864 2992 937 χιτῶνα
3032 863 3182 937 [add.
3211 878 3278 920 ex
3328 861 3394 920 L.
3455 863 3697 917 σπουδά-

2107 959 2338 1031 σωμεν].
2367 961 2480 1015 Καὶ
2508 958 2574 1032 δὴ
2600 959 2993 1024 ἁποστολικαῖς
3018 959 3117 1013 καὶ
3167 960 3466 1031 πατρικαῖς
3499 957 3699 1022 ἐξακο-

2105 1051 2476 1121 λουθήσαντες
2502 1051 2862 1122 παραδόσεσι,
2915 1047 3105 1120 τολμῶ
3148 1047 3207 1102 δὲ
3279 1047 3485 1116 λέγειν,
3547 1062 3696 1114 συμ-

2104 1140 2268 1214 πνοίᾳ
2293 1139 2391 1196 τοῦ
2411 1143 2682 1209 παναγίου
2713 1139 3112 1212 ὁμονοήσαντες
3129 1136 3470 1209 Πνεύματος,
3522 1135 3694 1207 ἀλλή-

2102 1233 2220 1298 λοις
2293 1251 2354 1287 τε
2405 1231 2822 1304 συνενεχθέντες
2862 1232 3124 1293 ἅπαντες,
3192 1229 3486 1300 σύμφωνον
3557 1229 3695 1298 ἡμῖν

2103 1325 2321 1397 ἔχοντες
2343 1324 2444 1397 τὴν
2483 1325 2788 1396 παράδοσιν
2839 1323 2942 1396 τῆς
3003 1319 3303 1392 καθολικῆς
3339 1319 3692 1398 Ἐκκλησίας,

2101 1420 2225 1484 ταῖς
2253 1416 2740 1482 ύποτυπωθείσαις
2767 1415 3170 1488 συμφωνήσεσι
3196 1409 3349 1486 παρὰ
3377 1412 3486 1467 τῶν
3519 1411 3694 1482 ἁγίων

2101 1509 2162 1578 ἓξ
2176 1511 2326 1563 οῖκου
2334 1508 2574 1580 μενικῶν
2593 1507 2832 1562 συνόδων
2864 1505 3406 1580 συμπιφωνήκαμεν,
3423 1503 3696 1574 ἀναθεμα-

2101 1599 2356 1663 τίσαντες
2385 1597 2488 1670 τὴν
2530 1598 2750 1670 ’Δρείου
2781 1596 3006 1665 μανίαν,
3037 1596 3142 1666 τὴν
3169 1594 3510 1650 Μακεδονίου
3561 1592 3693 1646 λύτ-

2099 1705 2219 1757 ταν,
2257 1688 2675 1760 ’Δπολλιναρίου
2722 1688 2825 1758 τὴν
2867 1685 3099 1759 ἀνόητον
3141 1686 3336 1760 φρένα,
3389 1683 3690 1755 Νεστορίου

2101 1783 2201 1854 τὴν
2227 1779 2769 1856 ἁνθρωπολατρείαν,
2797 1775 3070 1850 Εὐτυχοῦς
3099 1780 3198 1833 καὶ
3243 1775 3543 1848 Διοσκόρω
3588 1775 3694 1848 τὴν

404 1872 680 1929 culturam
720 1871 1034 1946 [culturam
1059 1873 1368 1948 hominis].
1407 1873 1726 1948 Eutychetis
1756 1883 1835 1932 ει·
1869 1873 1993 1931 Dio-

2107 1875 2442 1948 συγχῠτικὴν
2472 1874 2836 1948 ματαιότητα,
2859 1875 2954 1928 καὶ
2978 1873 3080 1944 τὴν
3105 1871 3206 1925 σὺν
3226 1871 3414 1933 αὐτοῖς
3460 1868 3685 1924 πολυκέο

405 1966 550 2020 scori
597 1966 988 2024 confusibilem
1029 1968 1362 2035 vanitatem,
1389 1978 1443 2024 et
1473 1984 1600 2025 cum
1637 1969 1746 2024 illis
1771 1969 1994 2043 polyce-

403 2056 607 2124 phalon
649 2057 914 2128 hydram;
945 2056 1199 2128 Origenis
1220 2101 1236 2124 ,
1267 2059 1479 2130 Didymi
1516 2069 1568 2116 et
1599 2059 1816 2131 Evagrii
1847 2059 1994 2116 desi—

404 2149 621 2218 pientes
649 2149 1059 2219 tabulationes;
1094 2147 1304 2223 Sergii,
1337 2163 1393 2207 et
1429 2151 1660 2208 Honorii
1687 2191 1704 2216 ,
1747 2159 1803 2207 et
1830 2149 1955 2224 Cyri
1977 2191 1992 2214 ,

400 2251 458 2297 et
479 2241 696 2312 Pyrrhi,
725 2249 782 2297 et
799 2244 1138 2300 asseclarnm
1171 2257 1362 2299 eonnn
1397 2243 1586 2310 unius,
1615 2242 1726 2299 imo
1758 2257 1992 2314 nequam

403 2332 576 2386 moris
605 2333 940 2388 voluntatem
973 2350 988 2387 :
1028 2349 1132 2388 nec
1161 2347 1273 2388 non
1298 2341 1354 2389 et
1394 2333 1482 2388 his
1511 2333 1748 2388 similem
1785 2331 1996 2386 vanita-

404 2431 544 2518 tem;
561 2438 681 2493 qua:
709 2433 833 2494 post
855 2425 956 2480 has
989 2439 1130 2482 vane
1165 2425 1399 2498 garrivit
1427 2435 1623 2482 contra
1651 2423 1995 2481 venerabiles

404 2513 706 2585 imagines,
757 2523 1132 2572 consonanter
1178 2525 1236 2574 ct
1285 2516 1629 2574 unanimiter
1677 2515 1994 2586 ab'Spiritn

403 2615 688 2662 sumentes
728 2605 956 2664 verbum
987 2649 1002 2672 ,
1042 2617 1098 2665 et
1146 2608 1217 2664 ab
1263 2624 1331 2665 eo
1367 2609 1685 2664 haurientes
1732 2607 1994 2662 mundam

404 2711 604 2768 aquam
626 2739 640 2764 ,
675 2699 909 2772 spongia
940 2699 1266 2772 dogmatum
1307 2701 1620 2756 divinorum
1657 2697 1992 2765 delevimus;

402 2800 460 2848 et
481 2793 794 2848 inventores
818 2793 1276 2867 tergiversatorlae
1290 2807 1486 2849 vocum
1513 2791 1774 2850 novitatis
1797 2789 1997 2864 [nova-

405 2886 560 2943 trieis
608 2887 887 2960 vanitatis]
919 2889 989 2944 ab
1032 2887 1427 2946 ecclesiasticis
1465 2885 1755 2944 vestibulis
1802 2883 1997 2956 procul

402 2979 716 3038 emisimus.
743 2979 812 3038 Et
839 2983 986 3039 sicut
1014 2995 1211 3040 manus
1234 2991 1290 3039 et
1315 2981 1483 3054 pedes
1506 2979 1852 3037 concorditer
1875 2978 1998 3033 ani-

405 3089 511 3130 mae
547 3077 792 3134 motibus
829 3075 1128 3150 agitantur,
1160 3079 1232 3134 ita
1265 3077 1337 3132 ab
1370 3075 1577 3146 Spiritu
1615 3083 1837 3145 accepta
1869 3087 1998 3146 gra-

405 3167 480 3222 tia
501 3176 558 3223 et
591 3162 940 3236 fortitudine,
967 3167 1248 3240 vestrique
1282 3183 1588 3224 concursus
1613 3155 1814 3239 pietate
1846 3166 1994 3238 pari-

403 3265 487 3314 ter
513 3265 572 3314 et
602 3259 812 3314 auxilio
842 3258 1082 3328 habito,‘
1105 3259 1272 3316 simul
1311 3257 1760 3323 acclamavimus,
1792 3259 1991 3322 verita-

403 3361 624 3424 temque
668 3353 1092 3424 prtedicavimns
1127 3369 1142 3406 :
1192 3352 1532 3409 omuimodls
1576 3351 1832 3408 videlicet
1854 3351 1996 3406 recl-

401 3446 630 3514 piendas
659 3436 1006 3502 venerabiles
1051 3445 1326 3518 imagines
1382 3443 1600 3502 Domini
1641 3445 1817 3500 nostri
1859 3443 1990 3499 Jesn

400 3537 626 3605 Christi,
653 3537 960 3594 secundum
990 3539 1136 3608 quod
1165 3537 1445 3608 perfectus
1475 3547 1560 3593 est
1587 3538 1751 3592 ltouto
1775 3536 1990 3605 factus;

398 3637 453 3684 et
511 3644 858 3700 qumcunque
915 3629 1182 3686 historice
1245 3629 1550 3687 secundum
1613 3629 1990 3699 evangelicam
2038 3688 2041 3691 _

400 3720 772 3775 narrationem
817 3710 1141 3777 scribuntur
1170 3743 1185 3777 :
1233 3731 1404 3792 atque
1438 3723 1778 3781 intemerata:
1811 3721 1992 3776 Domi-

401 3825 486 3868 nae
533 3823 739 3868 nostra;
787 3825 993 3870 sanctae
1041 3811 1135 3870 Dei
1185 3813 1522 3881 Genitricis,
1558 3823 1992 3885 sanctorumque

396 3905 716 3976 angelorum
737 3905 773 3978 ,(
793 3914 854 3985 ut
884 3907 1033 3962 cnim
1074 3906 1330 3963 homines
1360 3915 1734 3978 apparuerunt
1775 3907 1860 3962 his
1889 3891 1987 3976 qui

395 3997 547 4069 digni
602 3997 729 4054 facti
781 4009 914 4054 sunt
959 4000 1308 4070 apparitione
1364 3998 1660 4071 ipsorum)
1704 4015 1812 4054 una
1858 4014 1990 4054 cum

398 4088 662 4144 omnibus
707 4091 915 4144 sanctls
947 4104 962 4144 :
1013 4105 1116 4145 nec
1153 4105 1264 4147 non
1310 4098 1364 4145 et
1394 4089 1764 4144 certaminum
1795 4075 1988 4145 eorum

397 4195 600 4251 agones
629 4179 944 4252 ﬁgurandus
973 4181 1321 4238 decrevimus
1353 4191 1464 4238 tam
1491 4182 1544 4236 in
1574 4180 1776 4238 tabulis
1809 4191 1866 4236 et
1897 4195 1992 4250 pa-

394 4274 646 4338 rietibus,
677 4287 842 4346 quam
875 4273 928 4329 in
955 4275 1130 4331 sacris
1159 4275 1310 4330 vasis
1342 4285 1399 4329 et
1426 4274 1694 4338 vestibus,
1726 4273 1990 4344 quemad-

396 4365 621 4422 modum
664 4381 696 4422 a
737 4367 936 4438 priscis
965 4369 1308 4438 temporibus
1341 4376 1535 4422 saneta
1577 4365 1670 4420 Dei
1705 4363 1982 4422 catholica

394 4456 642 4516 Ecclesia
675 4459 912 4530 recepit,
941 4467 998 4515 et
1031 4460 1087 4514 in
1121 4455 1295 4531 legem
1320 4459 1536 4530 accepit
1559 4467 1670 4514 tam
1707 4469 1739 4514 a
1776 4452 1986 4513 sanctis

2079 1967 2269 2038 ’φαλον
2323 1966 2490 2040 ὕδραν
2517 1982 2534 1998 ·
2587 1965 2932 2038 Ὦριγένους,’
2973 1962 3212 2033 Διδύμου
3271 1961 3366 2016 καὶ
3407 1960 3690 2032 Εὐαγρίου

2095 2056 2412 2138 τὰ’ληρώδη
2451 2063 2779 2136 μυθεύματα
2798 2079 2814 2094 ο
2843 2059 3096 2134 Σεργίου,
3121 2059 3220 2114 καὶ
3278 2057 3564 2129 Ὀνωρίου,
3593 2057 3692 2110 καὶ

2097 2159 2308 2228 Κύρου,
2339 2159 2438 2212 καί⁸
2463 2157 2707 2230 Πύρρου,
2741 2157 2836 2211 καὶ
2862 2155 2970 2227 τὴν
3001 2155 3104 2208 σὺν
3133 2152 3251 2226 [ἴσ.
3283 2148 3396 2205 τῶν
3437 2145 3560 2219 σὺν]
3589 2147 3694 2201 αὑ-

2093 2256 2206 2318 τοῖς
2235 2251 2616 2324 μονοθέλητον,
2650 2249 2850 2322 μᾶλλον
2876 2247 2933 2302 δὲ
2967 2246 3339 2316 κακοθέλητον
3373 2240 3640 2314 βούλησιν
3671 2257 3685 2269 ·

2096 2347 2190 2402 καί
2225 2346 2288 2400 τὸ
2335 2345 2717 2418 καινούργημα
2759 2342 2821 2396 τδ
2865 2341 3078 2405 τούτοις
3106 2335 3424 2408 ἐφάμιλλον,
3459 2333 3520 2388 τὸ
3551 2333 3692 2406 μετὰ

2095 2438 2301 2502 ταύτας
2343 2436 2518 2501 κενῶς
2573 2433 2886 2508 φλυαρηθὲν
2919 2432 3060 2488 κατὰ
3094 2429 3204 2484 τῶν
3262 2427 3480 2483 σεπτῶν
3543 2425 3693 2480 είκό-

2096 2549 2223 2594 νων,
2277 2528 2588 2600 συμφώνως
2639 2529 2734 2582 καὶ
2769 2524 3069 2597 συμψύχως
3099 2521 3252 2594 παρὰ
3291 2517 3384 2575 τοῦ
3433 2517 3694 2588 Πνεύμα-

2094 2641 2186 2688 τος
2209 2622 2470 2686 λαὸόντες
2512 2621 2693 2690 λόγον,
2736 2621 2832 2674 καὶ
2852 2619 2984 2689 παρ’
3013 2613 3180 2672 αὐτοῦ
3207 2612 3548 2687 ἀρυσάμενοι
3585 2627 3692 2664 καο

2097 2717 2264 2790 θαρὸν
2287 2715 2454 2790 ὕδωρ,
2485 2713 2566 2787 τῷ
2595 2715 2830 2784 σπόγγῳ.
2864 2710 2974 2764 τῶν
3004 2710 3165 2765 θείων
3193 2707 3482 2783 δογμάτων
3529 2703 3694 2758 τοῦτο

2097 2794 2482 2880 ἐξηλείφαμεν,
2505 2806 2598 2860 καὶ
2619 2805 2770 2878 τοὺς.
2796 2801 3095 2874 ἐφευρετὰς
3147 2802 3248 2871 τῆς
3294 2793 3693 2867 νεωτεροποιοῦ

2096 2900 2432 2970 κενοφωνίας
2464 2897 2656 2970 πόρῤω
2725 2913 2832 2950 που
2857 2893 2968 2950 τῶν
3013 2889 3495 2964 ἐκκλησιαστικῶν
3526 2903 3692 2958 περι-

2098 2992 2271 3046 ϐόλων
2319 2990 2644 3062 ἐϐάλλομεν.

2171 3081 2282 3136 Καὶ
2316 3081 2511 3154 ὥσπερ
2552 3081 2734 3152 χεῖρες
2755 3077 2852 3133 καὶ
2880 3076 3041 3140 πόδες
3087 3073 3396 3147 συμφώνως
3444 3075 3559 3138 τοῖς
3583 3071 3692 3142 τῆς

2097 3159 2280 3248 ψυχῆς
2330 3172 2678 3244 ·ἁφηγήμασι
2745 3169 3050 3242 κινοῦνται,
3132 3167 3308 3231 οὕτως
3382 3164 3539 3250 παρὰ
3590 3162 3692 3218 τοῦ

2099 3266 2418 3338 Πνεύματος
2461 3264 2720 3328 λαϐόντες
2779 3263 2947 3336 χάριν
2991 3261 3090 3315 καὶ
3147 3261 3323 3332 ἰσχὺν,
3381 3251 3692 3330 σύνδρομον

2096 3357 2314 3430 ἔχοντες
2363 3354 2460 3410 τοῦ
2491 3356 2731 3426 κράτους
2757 3350 2914 3424 ὑμῶν
2943 3351 3044 3422 τὴν
3073 3349 3432 3422 συμμαχίαν,
3458 3349 3559 3420 τὴν
3598 3347 3694 3402 εὑ-

2097 3449 2316 3504 σέὸειαν
2349 3447 2902 3520 συμπεφωνήκαμεν,
2935 3447 3030 3499 καὶ
3055 3444 3158 3514 τὴν
3226 3442 3492 3514 ἀλήθειαν
3553 3441 3692 3511 ἑκη-

2095 3529 2340 3616 ρύξαμεν
2360 3556 2373 3570 ·
2406 3519 2548 3594 ὥστε
2579 3537 2724 3593 κατὰ
2754 3519 2935 3592 πάντα
2987 3531 3357 3607 ἀποδέχεσθαι
3429 3533 3533 3596 τὰς
3595 3547 3690 3586 σε·-

2094 3635 2234 3698 πτὰς
2265 3633 2481 3700 εἰκόνας
2498 3631 2594 3686 τοῦ
2614 3631 2822 3702 Κυρίου
2854 3627 3013 3702 ἡμῶν
3053 3627 3234 3700 Ἰησοῦ
3249 3626 3514 3712 Χριστοῦ,
3549 3624 3691 3680 καθὸ

2091 3729 2298 3792 τέλειος
2329 3729 2620 3800 ἄνθρωπος
2647 3726 2870 3796 γέγονε,
2901 3723 2998 3779 καὶ
3043 3725 3146 3779 ὅσα
3197 3719 3490 3796 ίστορίκῶς
3544 3723 3691 3776 κατὰ

2092 3823 2192 3895 τὴν
2237 3821 2610 3892 εὐαγγελικὴν
2667 3821 2926 3891 διήγησιν
2971 3819 3375 3892 διαγράφονται
3411 3833 3428 3850 ο
3461 3820 3561 3886 τῆς
3625 3832 3689 3869 τε

2091 3915 2366 3988 ἀκράντου
2395 3913 2688 3986 δεσποίνης
2714 3913 2874 3984 ἡμῶν
2892 3913 2992 3984 τῆς
3009 3913 3170 3982 ἁγίας
3195 3911 3488 3979 Θεοτόκου,
3511 3909 3690 3979 ἁγίων

2092 4026 2153 4062 τε
2183 4007 2460 4078 ἀγγέλων·
2487 4006 2562 4070 ὡς
2591 4005 2872 4080 ἂνθρωποι
2901 4005 3339 4076 ἐνεφανίσθησαν
3366 4007 3478 4068 τοῖς
3511 4003 3687 4069 ἀξίοις

2091 4085 2410 4172 γενομένοις
2439 4095 2540 4176 τῆς
2571 4099 2752 4154 αὐτῶν
2801 4099 3114 4171 ἐμφανείας
3147 4115 3160 4131 ·
3191 4090 3287 4153 καί
3314 4093 3539 4152 πάντων
3572 4096 3690 4152 τῶν

2091 4190 2262 4264 ἁγίων
2294 4207 2309 4222 '
2360 4191 2457 4245 καὶ
2478 4191 2606 4254 τοὺς
2645 4179 3052 4260 ἀγωνιστικοὺς
3081 4177 3272 4243 αὐτῶν
3293 4188 3501 4261 ἄθλους
3535 4187 3594 4242 ἓν
3618 4205 3682 4240 τε

2093 4284 2272 4340 σανίσι
2298 4283 2396 4338 καὶ
2430 4284 2490 4336 έν
2520 4283 2746 4354 τοίχοις,
2779 4284 2947 4354 ἱεροῖς
2981 4299 3040 4335 τε
3073 4281 3301 4336 σκεύεσι
3333 4281 3432 4334 καὶ
3459 4279 3684 4350 έσθῆσὶ,

2087 4374 2275 4440 καθὼς
2296 4375 2362 4429 ὲκ
2403 4373 2514 4426 τῶν
2541 4371 2814 4427 ἀνέκαθεν
2851 4373 3061 4445 χρόνων
3107 4374 3142 4444 ἡ
3204 4373 3338 4441 ἁγία
3382 4371 3482 4427 τοῦ
3541 4372 3683 4424 Θεοῦ

2087 4467 2357 4541 καθολικὴ
2381 4465 2678 4538 Ἐκκλησία
2700 4463 3000 4538 παρέλαὸε,
3025 4467 3120 4520 καὶ
3145 4464 3550 4536 ἑθεσμοθετήθη
3579 4481 3690 4517 πει.-⁸

393 4551 698 4624 ιινίωὶεειιιθ
753 4551 1018 4608 (ίοθῑνίηω
1068 4561 1270 4608 ηοδιτῖιε
1318 4551 1598 4622 ιιιθείεινίε
1623 4590 1642 4615 ο
1685 4565 1855 4623 quam
1916 4549 1988 4640 ³))
2017 4573 2063 4630 ι)
2096 4563 2170 4637 ρά
2195 4581 2255 4617 τε
2283 4561 2394 4616 τῶν
2411 4561 2586 4630 ἁγίων
2620 4560 2966 4640 πρωτάρχων
2993 4551 3270 4630 τῆςὴμῶν
3297 4557 3682 4621 διδασκαλίας,

392 4659 585 4702 eorum
623 4645 1042 4703 successoribus
1067 4641 1412 4718 egregiisque
1444 4643 1700 4702 Patribus
1738 4637 1982 4701 nostris:

391 4750 446 4796 et
479 4740 578 4796 has
617 4737 950 4808 adorandae,
979 4737 1034 4796 id
1055 4743 1138 4796 est
1166 4739 1489 4796 salutaudas
1518 4758 1532 4794 :
1565 4739 1804 4810 idipsum
1833 4739 1984 4796 enim

330 4894 334 4898 ,
388 4843 476 4892 est
521 4842 859 4906 utrumque:
889 4835 1074 4889 κυνεῖν
1089 4834 1293 4906 quippe
1313 4835 1541 4905 antiqua
1562 4833 1752 4890 Graeca
1777 4833 1984 4906 lingua,

388 4934 444 4982 et
477 4927 720 4984 salutare
748 4937 804 4985 et
826 4927 1068 4986 osculari
1091 4927 1368 5000 signiﬁcat
1393 4946 1409 4986 :
1457 4935 1515 4984 et
1545 4926 1684 5000 πρὸς
1719 4928 1984 4999 praeposi-o

391 5017 468 5073 tio
493 5027 853 5090 augmentum
885 5019 1161 5092 quoddam
1201 5019 1480 5092 signiﬁcat
1517 5019 1725 5074 amoris
1748 5060 1765 5085 ,
1795 5035 1986 5091 quem-

389 5109 688 5166 admodum
727 5121 785 5168 et
817 5111 1136 5185 προσφέρω,
1178 5100 1338 5184 κυρῶ
1363 5119 1418 5167 et
1447 5111 1774 5184 προσκυρῶ,
1833 5111 1984 5164 κυνῶ

388 5214 444 5256 et
474 5203 796 5274 προσκυνῶ,
825 5203 974 5276 quod
1002 5203 1391 5260 salutationem
1423 5203 1628 5257 indit-at
1652 5242 1668 5267 ,
1708 5213 1762 5257 et
1788 5219 1984 5258 sccnn-

391 5297 520 5350 dum
568 5299 980 5368 protensionem
1034 5297 1334 5355 amicitiam
1380 5315 1396 5354 :
1445 5297 1593 5368 quod
1647 5296 1793 5352 enim
1856 5295 1983 5368 quis

391 5389 692 5456 osculatur,
715 5400 771 5447 et
793 5393 986 5448 adorat
1021 5409 1035 5446 :
1083 5402 1136 5446 et
1175 5391 1324 5463 quod
1361 5389 1589 5456 adorat,
1641 5388 1889 5460 profecm
1931 5399 1986 5444 ct

395 5481 705 5550 osculatur;
749 5485 894 5540 sicut
939 5493 1171 5541 testatur
1224 5485 1463 5539 humana
1505 5480 1759 5546 affectio,
1801 5501 1924 5554 qua:
1953 5501 1982 5539 a

395 5577 553 5628 vobis
605 5575 672 5630 ad
721 5577 933 5632 amicos
978 5577 1230 5640 habetur,
1263 5585 1318 5632 ct
1351 5573 1485 5648 [Gr.
1515 5577 1800 5630 obviorum
1847 5592 1983 5632 cou-

393 5665 655 5741 gressus]
703 5669 868 5724 lectio
921 5670 1038 5726 haec
1087 5671 1252 5725 ambo
1293 5671 1602 5739 perlicicns.
1647 5669 1758 5726 Iloc
1801 5679 1982 5726 autem

393 5775 500 5814 non
528 5761 706 5816 solum
727 5764 870 5834 apud
899 5779 1018 5828 nos,
1044 5765 1302 5834 sedame
1329 5772 1536 5819 veteres
1563 5765 1614 5817 in
1641 5764 1820 5820 tl‘vina
1845 5765 1986 5820 Scri-

395 5857 555 5920 ptura
581 5853 845 5925 scriptum
873 5855 1190 5924 reperimus.

2094 4655 2192 4711 καὶ
2215 4653 2327 4709 τῶν
2351 4653 2534 4711 αὐτῶν
2565 4651 2828 4726 διαδόχων
2855 4645 3164 4708 θεσπεσίων
3199 4649 3464 4722 Πατέρων
3495 4649 3686 4720 ﬂuctv-

2093 4748 2190 4804 καὶ
2210 4746 2418 4813 ταύτας
2453 4747 2808 4819 προσκυνεῖν,
2875 4745 2996 4818 ἦτοι
3041 4743 3386 4819 ἀσπάζεσθαι
3411 4759 3426 4774 ·
3484 4740 3691 4796 ταυτὸν

2091 4841 2202 4915 γὰρ
2226 4839 2516 4913 ἀμφότερα
2549 4855 2564 4870 ⁸
2614 4842 2800 4895 κυνεῖν
2868 4837 2978 4911 γὰρ
3031 4827 3428 4911 τῇ³Ἕλλαδικῇ
3480 4836 3692 4908 ἀρχαίᾳ

2090 4934 2361 5006 διαλέκτῳ
2384 4932 2448 4988 τδ
2472 4932 2820 4998 ἀσπάζεσθαι
2859 4934 2954 4988 καὶ
3007 4933 3070 4986 τὸ
3133 4931 3312 5001 φιλεῖν
3365 4931 3628 5003 σημαίνει
3665 4947 3682 4963 ο

2063 5018 2068 5022 ”
2091 5022 2187 5084 καὶ
2215 5029 2278 5084 τὸ
2319 5029 2424 5100 τῆς
2452 5028 2592 5101 πρὺς
2631 5027 2946 5104 προθέσεως
2975 5023 3234 5104 ὲπίτασίν
3259 5045 3386 5082 τινα
3412 5025 3568 5099 δηλοῖ
3589 5025 3688 5080 τοῦ

2093 5123 2282 5188 πόθου,
2311 5121 2504 5194 ὥσπερ
2533 5123 2694 5192 φέρω
2719 5122 2812 5176 καὶ
2833 5103 3175 5192 προσφέρω,
3193 5119 3354 5189 κυρῶ
3379 5122 3474 5176 καὶ
3493 5137 3687 5188 προσ-

2095 5215 2276 5290 κιφῶ,
2328 5213 2496 5268 xvch
2543 5215 2638 5267 καὶ
2671 5209 3018 5282 προσκυνῶ,
3049 5212 3078 5266 ὃ
3140 5213 3402 5286 ἐμφαίνει
3465 5213 3558 5266 τὸν
3602 5211 3667 5264 ἀς

2093 5303 2350 5375 σπασμὸν
2379 5304 2474 5357 καὶ
2509 5301 2609 5374 τὴν
2643 5302 2764 5358 κατ’
2797 5293 3098 5357 ἓπέκτασιν
3127 5301 3336 5372 φιλίαν.
3363 5305 3428 5356 Ὃ
3462 5305 3573 5374 γάρ
3603 5320 3689 5367 τις

2095 5397 2242 5470 φιλεῖ
2273 5397 2367 5451 καὶ
2395 5399 2697 5468 προσκυνεῖ
2724 5412 2740 5428 ο
2765 5397 2862 5449 καὶ
2885 5397 2914 5449 ὃ
2943 5399 3266 5468 προσκυνεῖ,
3299 5397 3522 5462 πάντως
3587 5399 3686 5450 καὶ

2093 5488 2269 5558 φιλεῖν
2333 5487 2409 5550 ὡς
2441 5487 2776 5558 μαρτυρεῖή
2815 5485 3135 5560 ἀνθρωπίνη
3200 5484 3390 5556 σχέσις
3453 5487 3487 5557 ἠ
3549 5483 3687 5556 παρ’

2096 5581 2253 5650 ἡμῶν
2289 5579 2426 5651 πρὸς
2459 5580 2587 5642 τοὺς
2619 5577 2810 5647 φίλους
2843 5575 3127 5648 γινομένη,
3173 5579 3268 5630 καὶ
3307 5575 3550 5643 ἔντευξις
3607 5579 3680 5628 τὰ

2091 5675 2186 5728 δύο
2217 5671 2579 5726 ἀποτελοῦσα.
2614 5671 2687 5725 Οὐ
2723 5669 2886 5738 μόνον
2908 5669 2969 5724 δὲ
2997 5669 3157 5724 τοῦτο
3186 5669 3316 5740 παρ’
3353 5671 3504 5740 ἡμῖν,
3538 5668 3681 5723 ἀλλὰ

2093 5767 2186 5818 καὶ
2218 5761 2368 5834 περὶ
2395 5764 2508 5824 τοῖς
2533 5762 2785 5827 παλαιοῖς
2817 5763 2875 5815 ἐν
2909 5764 2976 5834 τῇ
3003 5761 3334 5834 θείᾳΓρκφῇ
3365 5763 3683 5832 ἐγγεγραμ-

2099 5857 2256 5927 μένον
2288 5856 2638 5926 εὑρῖσκομεν.
