4026 6382
261 375 392 446 1437

1684 391 1951 454 EPISTO
1961 397 2088 459 [ΑΕ.

3279 442 3284 448 ι
3369 397 3506 466 1438

257 500 362 560 τοῖς
382 496 695 562 ἀποστόλοις
717 497 884 554 αὑτοῦ
911 501 1232 572 ἐμφυσήσεις
1254 504 1358 575 ἔφη
1381 519 1392 533 ·
1421 524 1438 556 ι
1471 507 1710 579 Εἰρήνην
1736 510 1810 579 τὴ·

1911 511 2096 566 stolis
2120 512 2234 568 suis
2261 513 2542 569 insuiﬂans
2569 513 2686 569 ait:
2729 533 2748 566 ‹
2789 509 2984 570 Pacem
3018 529 3194 570 meam
3229 515 3301 571 do
3325 519 3510 579 vobis.

256 587 388 659 ἐμὴν
420 589 610 660 δίδωμι
639 590 788 661 ὑμῖν,
824 592 1052 664 εἰρήνην
1078 595 1180 665 τὴν
1222 596 1361 666 ἐμὴν
1399 599 1603 669 ἀφίημι
1623 603 1772 671 ὑμῖν.
1801 620 1821 653 ο

261 679 522 733 Τοΰνεκεν
546 681 1052 753 διαμαρτυρόμενος
1111 688 1246 740 πᾶσι
1277 689 1410 757 ἡμῖν
1455 691 1484 742 ό
1551 692 1828 761 ἀρπαγεὶς

257 775 331 834 εἲς
349 771 528 842 τρίτον
552 772 800 844 cupavo»),
828 775 926 829 κα)⁹
956 779 1035 840 είς
1050 780 1139 830 τὸν
1173 780 1502 848 παράδεισον
1535 781 1820 845 εἰσελθὼν.

256 869 344 920 καὶ
375 866 860 940 ἀκούσας-ἄρρητα
919 872 1165 942 ῥήματα,
1201 874 1350 926 nam
1363 891 1422 938 ος
1449 875 1479 926 ὁ
1518 873 1661 937 θεῖος
1691 875 1827 928 ἀπό-

257 954 433 1017 στολος
463 955 780 1025 ἀπεφήνατο
819 957 988 1010 εἰπών
1011 975 1027 988 ·
1063 977 1082 1010 ι
1122 961 1357 1030 Χριστός
1396 965 1546 1016 ἐστιν
1572 965 1606 1034 ἡ
1633 965 1822 1034 εἰρήνη

254 1044 424 1112 ἡμῶν,
453 1047 484 1098 ό
519 1040 764 1116 ποιήσας
801 1049 870 1102 τά
897 1050 1190 1122 ἀμφότερα
1220 1051 1296 1117 ἓν,
1329 1053 1424 1106 καὶ
1477 1055 1539 1106 τὸ
1575 1056 1825 1123 μεσότοι-

253 1153 342 1204 χον
364 1135 460 1188 τοῦ
498 1137 754 1208 φραγμοῦ
785 1139 1066 1206 διαλύσας,
1093 1143 1192 1212 τὴν
1211 1143 1412 1214 ἔχθραν
1438 1147 1498 1198 ὲν
1525 1148 1592 1218 τῇ
1656 1147 1823 1218 σαρκὶ

253 1219 430 1276 αὑτοῦ.
477 1241 497 1274 ι
533 1224 642 1276 Καὶ
667 1220 823 1288 αὖθις
855 1227 1309 1286 Θεσσαλοειικεῦσι
1354 1235 1581 1304 γράφων
1605 1253 1820 1306 παραγ-

252 1313 426 1381 γέλλει
452 1329 469 1344 ·
509 1333 531 1366 ι
565 1317 630 1369 Ἀ
642 1334 711 1386 ρα
741 1315 855 1383 οὖν,
889 1321 1130 1390 ἀδελφοὶ,
1160 1327 1410 1394 στήκετε,
1445 1329 1540 1381 καὶ
1569 1332 1822 1401 κρατεῖτε

253 1406 347 1466 τάς
377 1407 730 1476 παραδόσεις,
783 1410 850 1474 ἃς
873 1412 1190 1484 ἐδιδάχθητε
1225 1417 1336 1470 εἴτε
1387 1419 1476 1473 διὰ
1527 1419 1708 1489 λόγου,
1741 1422 1822 1476 εί-

250 1511 306 1548 τε
337 1496 403 1549 δι’
457 1499 750 1568 ἐπιστολῆς
775 1503 950 1572 ἡμῶν.
995 1523 1013 1554 ι
1083 1505 1440 1578 ’Δλλ”ὲπειδὴ
1503 1511 1532 1562 ὁ
1577 1512 1818 1582 ἀρχέκα-

251 1604 340 1650 κος
363 1589 560 1660 ἐχθρὸς
591 1591 838 1657 διάϐολος
895 1597 954 1647 ού
1007 1597 1266 1650 κατέλιπε
1313 1599 1454 1652 κατά
1528 1601 1819 1672 διαφόρους

249 1681 473 1752 καιροὺς
503 1680 601 1752 τὴν
631 1685 1166 1757 ἐποικώομηθεῖσαν
1195 1691 1291 1743 ἐπὶ
1321 1690 1398 1761 τῷ
1437 1689 1674 1764 θεμελίῳ
1710 1695 1818 1748 τῶν

1929 614 2118 668 pacem
2159 615 2334 656 meam
2366 603 2616 672 relinquo
2645 599 2802 659 vobis
2835 603 2908 658 ¹⁸.
2947 624 2965 656 ι
2998 604 3174 675 Cujus
3213 607 3290 661 rei
3335 611 3508 679 gratia

1927 701 2242 748 contestans
2271 693 2527 748 omnibus
2561 695 2716 749 nobis
2743 695 2833 750 ille
2854 695 2948 765 qui
2983 707 3171 766 raptus
3199 697 3254 752 in
3286 700 3506 753 tertium

1927 783 2148 845 coelum,
2177 792 2230 838 et
2277 785 2332 838 iu
2366 785 2684 854 paradisum
2717 785 3003 856 ingressus
3037 778 3264 843 audivit
3303 803 3505 844 arcana

1927 875 2110 939 verba,
2166 875 2370 932 Paulus
2425 877 2639 931 scilicet
2697 877 2918 933 divinus
2958 879 3239 950 apostolus
3269 884 3506 937 asseruit

1925 965 2152 1021 dicens:
2193 983 2214 1018 ι
2252 964 2509 1022 Christus
2537 977 2624 1023 est
2657 985 2761 1039 pax
2799 980 3012 1033 nostra,
3043 973 3135 1042 qui
3166 971 3299 1026 fecit
3347 985 3504 1027 utra-

1923 1069 2038 1124 que
2054 1072 2223 1110 unum
2255 1074 2271 1124 ;
2301 1065 2357 1112 et
2389 1057 2628 1112 medium
2669 1061 2930 1128 parietem
2975 1063 3232 1118 maceriae
3301 1064 3500 1118 dissol-

1925 1161 2056 1202 vens
2087 1146 2386 1220 [dissolvit]
2423 1151 2466 1182 “
2501 1165 2516 1213 ;
2548 1149 2896 1206 inimicitiam
2951 1153 3003 1206 in
3037 1166 3204 1208 carne
3237 1169 3334 1209 sua
3367 1155 3408 1186 "
3432 1197 3444 1210 .
3477 1173 3498 1205 ι

1926 1239 1992 1292 Et
2049 1255 2246 1296 rursus
2319 1240 2908 1299 Thessalonicensibus
2981 1246 3303 1315 praecipiens
3379 1249 3499 1302 ait:

1927 1347 1948 1379 ε
1982 1328 2188 1400 Itaque,
2222 1329 2444 1395 fratres,
2500 1340 2666 1397 state,
2720 1345 2778 1387 et
2803 1341 2983 1389 tenete
3013 1335 3334 1392 traditiones
3362 1353 3502 1408 quas

1920 1419 2188 1474 didicistis
2221 1420 2335 1475 sive
2356 1436 2454 1490 per
2479 1431 2812 1486 sermonem,
2833 1421 2949 1477 sive
2967 1438 3062 1492 per
3087 1425 3372 1494 epistolam
3395 1441 3495 1480 no-

1920 1516 2088 1563 stram
2114 1509 2157 1541 "
2181 1548 2195 1562 .
2227 1527 2246 1560 ι
2289 1507 2394 1562 Sed
2421 1511 2680 1576 quoniam
2710 1511 2970 1566 inimicus
2986 1511 3076 1581 qui
3105 1513 3174 1566 ab
3210 1513 3370 1568 initio
3403 1531 3499 1569 ne-

1919 1616 2081 1669 quam
2113 1610 2195 1654 est
2214 1600 2485 1662 diabolus,
2521 1601 2850 1658 noudimisit
2880 1618 2979 1674 per
3015 1604 3229 1659 diversa
3255 1613 3500 1676 tempora

1915 1691 2237 1746 mdilicatam
2256 1706 2419 1761 supra
2453 1691 2870 1748 fundamentum
2901 1696 3272 1764 apostolorum
3288 1707 3342 1751 et
3373 1714 3500 1766 prn-

248 1767 558 1856 ἀποστόλων
579 1771 670 1822 καὶ
699 1777 998 1845 προφητῶν
1045 1777 1375 1849 Ἐκκλησίαν
1395 1783 1605 1835 κατὰτὸ
1626 1783 1810 1838 δοκοῦν

1919 1771 2202 1852 phetarum
2220 1781 2546 1847 Ecclesiam,
2567 1785 2868 1840 secundum
2896 1787 3042 1856 quod
3067 1787 3170 1843 sibi
3201 1788 3376 1842 visum
3391 1799 3494 1852 est,

246 1855 387 1948 αύτῷ
413 1857 713 1928 διασχίζειν
743 1881 801 1916 τε
829 1866 923 1918 καὶ
961 1845 1334 1938 διαρῤήσσειν,
1367 1872 1561 1927 ἑαυτὸν
1595 1892 1810 1946 παρίασι-ε

1919 1873 2229 1930 discindere
2251 1882 2419 1944 atque
2473 1873 2842 1944 disrumpere,
2901 1884 3078 1931 semet
3114 1875 3359 1933 inferens
3400 1893 3498 1948 per

247 1947 421 2040 φόρων
433 1949 526 2004 διά
543 1970 703 2006 τινων
725 1955 874 2026 αύτῷ
891 1959 1404 2018 ἐπακολουθούντων
1421 1954 1630 2037 ἀνδρῶν
1652 1984 1810 2040 πονη-

1917 1963 2182 2028 quosdam
2242 1975 2302 2016 se
2345 1955 2665 2030 sequente.
2694 1963 2846 2019 viros
2909 1965 3122 2030 malos;
3179 1976 3236 2020 et
3281 1947 3493 2024 zizania

248 2038 470 2106 ρῶν,καὶ
488 2041 708 2106 ζιζάνια
730 2049 1016 2120 ὲπισπείρε
1025 2069 1074 2103 ιν
1089 2054 1147 2104 ἐν
1165 2053 1339 2127 ταύτῃ
1355 2059 1420 2127 τῇ
1435 2038 1810 2134 γεωργηθείσῂ

1917 2049 2356 2119 supersemiuare
2390 2051 2442 2105 in
2479 2052 2704 2121 regione
2733 2053 2855 2120 hac,
2883 2070 3004 2125 qua:
3033 2057 3183 2110 culta
3217 2065 3303 2112 est
3342 2073 3373 2112 a
3401 2067 3492 2112 tu-

249 2131 347 2184 ύπὺ
365 2131 472 2185 τῶν
498 2135 819 2206 σαλπίγγων
833 2140 925 2194 τοῦ
947 2143 1084 2196 Πνεύ
1092 2161 1260 2212 ματος
1288 2147 1810 2215 ἀγίων,ἀποστόλων·

1916 2143 1998 2198 his
2033 2141 2294 2212 Spiritus,
2323 2144 2588 2213 apostolis
2635 2144 2846 2202 scilicet
2891 2148 3098 2202 sanctis
3132 2164 3146 2202 :
3200 2147 3302 2216 ipsi
3339 2150 3486 2204 enim

245 2223 400 2314 αὐτοὶ
427 2225 548 2298 γὰρ
563 2227 794 2298 δύναμιν
813 2232 871 2298 te
893 2231 1064 2303 ὕψους
1085 2227 1363 2302 λαϐόντες,
1385 2241 1592 2312 ταύτην
1619 2245 1684 2314 τῇ
1717 2245 1810 2298 αὓ-

1918 2237 2112 2290 virtute
2137 2251 2202 2290 ex
2242 2236 2355 2290 alto
2383 2247 2626 2306 accepta,
2665 2247 2720 2292 et
2781 2239 2882 2293 hac
2909 2239 3110 2294 divinat
3159 2241 3330 2296 sulcis
3359 2255 3490 2310 ope-

244 2311 363 2366 λακι
385 2315 486 2383 τῆς
509 2319 791 2387 ἐνεργείας
813 2321 1260 2394 ἀροτριάσαντες,
1285 2327 1493 2397 τροφὴν
1510 2311 1810 2400 ζωῆςαίω-

1913 2325 2148 2381 rationis
2185 2326 2490 2396 proscissa,
2521 2343 2706 2384 escam
2735 2337 2957 2385 aeternae
2985 2331 3110 2386 vita:
3140 2332 3492 2400 reliquerunt

243 2401 350 2454 κίον
377 2405 676 2459 κατέλιπον
706 2409 1007 2477 δρέπεσθαι
1037 2415 1150 2478 τοῖς
1165 2413 1234 2467 δι’
1255 2415 1436 2470 αὐτῶν
1466 2419 1810 2474 πιστεύσασι·

1915 2417 2000 2472 his
2029 2417 2124 2488 qui
2149 2432 2246 2488 per
2265 2419 2416 2488 ipsos
2445 2421 2823 2486 crediderunt,
2875 2425 3202 2492 carpendam
3238 2441 3251 2478 :
3295 2425 3488 2478 borum

244 2493 442 2586 τούτων
503 2497 604 2568 τὴν
651 2500 914 2572 θεηγόρον
967 2503 1320 2568 διδασκαλίαν
1355 2508 1606 2576 λαϐόντες
1635 2513 1686 2565 οἱ
1713 2531 1810 2567 κα-

1911 2507 2217 2578 deiloquam
2259 2509 2562 2566 doctrinam
2608 2515 2782 2568 sancti
2813 2525 2993 2583 patres
3035 2516 3230 2570 nOSII'i.
3261 2517 3353 2586 qui
3387 2517 3489 2570 bu-

244 2584 305 2638 τά
333 2589 561 2659 καιροὺς
588 2591 793 2662 ταύτης
834 2595 1092 2663 ποιμένες
1121 2600 1216 2652 καὶ
1248 2599 1492 2670 φύλακες
1528 2603 1674 2671 ἅγιοι
1703 2607 1812 2660 Ila-

242 2676 392 2747 τέρες
419 2679 610 2748 ἡμῶν,
633 2683 700 2734 τὰ
739 2683 838 2753 μὲν
867 2685 1103 2754 ζιζάνια,
1135 2688 1255 2758 ἦτοι
1292 2693 1532 2762 αἱρέσεις
1575 2695 1669 2748 καὶ
1691 2715 1810 2750 και-

243 2770 488 2839 νοτομίας
517 2775 1004 2846 παρεισκριθείσας
1039 2781 1132 2834 καὶ
1165 2783 1580 2852 ἐπεισακθεξσας
1637 2789 1810 2862 πρόρ-

243 2857 382 2926 ριζον
409 2859 700 2931 ἐξέτεμον,
745 2865 841 2918 καὶ
870 2867 962 2923 τὸν
987 2867 1200 2940 ἀμητδν
1233 2871 1474 2942 καθαρὸν
1504 2857 1810 2946 τῇςὰρούρᾳ.

240 2946 586 3020 διετήρησαν,
630 2951 692 3004 'll
721 2949 814 3006 οὖν
849 2955 1096 3026 ὑμετέρα
1161 2959 1606 3032 ἀρχιεροπρεπὴς
1656 2963 1812 3016 ἀδελ-

242 3042 368 3112 φικὴ
397 3043 682 3117 ἁγιωσύνῃ
731 3047 944 3113 τούτοις
977 3049 1288 3120 όμιλήσασα
1337 3053 1427 3106 διὰ
1473 3053 1812 3110 τῶν·αύτῶν

1907 2597 2000 2666 jus
2048 2609 2300 2666 pastores
2328 2611 2382 2654 et
2422 2599 2682 2655 custodes
2737 2617 2834 2672 per
2881 2603 3098 2673 singula
3150 2603 3300 2659 fuere
3350 2617 3490 2660 tem-

1911 2700 2078 2757 pora.
2130 2689 2516 2759 suscipientes,
2579 2691 2816 2755 zizania,
2875 2695 2925 2748 id
2989 2705 3076 2750 est
3143 2697 3380 2754 haereses
3437 2707 3492 2752 et

1914 2781 2180 2836 novitates
2217 2771 2499 2839 addititias
2555 2782 2890 2858 [subreptus]
2935 2797 3098 2856 atque
3149 2789 3491 2845 introductus

1913 2873 2178 2931 radicitus
2231 2875 2604 2940 exciderunt;
2656 2885 2714 2932 et
2753 2892 2990 2932 messem
3047 2881 3305 2937 mundam
3359 2897 3494 2936 arvo

1913 2975 2396 3022 conservaverunt.
2441 2965 2634 3024 Vestra
2677 2983 2810 3040 ergo
2865 2969 3109 3029 fraterna
3167 2983 3222 3027 et
3273 2990 3492 3029 summo

1913 3042 2194 3124 pontificio
2211 3057 2470 3114 decorata
2489 3061 2770 3117 sanctitas
2800 3077 2926 3120 cum
2965 3063 3048 3118 his
3075 3079 3172 3134 per
3205 3065 3493 3136 deiloquas

240 3129 513 3205 θεηγόρων
547 3136 928 3206 διδασκαλιῶν,
967 3141 1061 3194 καὶ
1089 3143 1221 3212 παρ’
1248 3143 1430 3196 αὐτῶν
1459 3145 1697 3201 λαϐοῦσα
1718 3147 1808 3201 τὸν

1916 3163 2045 3203 suas
2099 3149 2381 3206 doctrinas
2429 3152 2843 3220 quodammodo
2896 3161 3364 3221 sermocinata,et
3423 3159 3492 3212 ab

239 3223 329 3293 τῆς
361 3226 627 3296 ἀληθείας
649 3225 832 3298 λόγον,
867 3231 967 3293 τὰς
1020 3233 1144 3286 νυνὶ
1173 3209 1534 3300 *ἀκανθώδεις
1577 3237 1809 3309 βλαστη-

1911 3239 1988 3294 eis
2014 3250 2239 3312 accepto
2277 3243 2524 3300 veritatis
2585 3245 2773 3310 verbo,
2810 3246 3066 3314 spinosas
3111 3249 3312 3302 herbas
3370 3263 3493 3318 qua:

241 3315 403 3380 σάσας
441 3317 696 3386 βοτάνας,
723 3324 790 3393 τῇ
819 3323 927 3376 τῶν
950 3325 1290 3382 πιστοτάτων
1323 3327 1418 3380 καὶ
1452 3329 1808 3399 εἰρηνοποιῶν

239 3403 496 3472 βασιλέων
527 3409 687 3479 ἡμῶν
711 3402 1018 3482 συμφωνῶν
1049 3413 1298 3488 ἀληθείᾳ,
1335 3416 1545 3471 εκτίλαι
1603 3422 1670 3490 τῇ
1705 3437 1808 3491 μα-

239 3497 394 3567 χαίρᾳ
423 3498 524 3552 τοῦ
565 3499 874 3571 πνεύματος
903 3503 1191 3572 ἔσπευσεν,
1241 3509 1611 3564 ἀποστείλασα
1665 3513 1806 3565 κατά

237 3587 327 3658 τήν
351 3589 510 3660 ἡμῶν
550 3595 856 3662 γραφεῖσαν
889 3595 1027 3666 αὐτῇ
1079 3598 1318 3670 αἴτησιν,
1353 3601 1492 3672 πρὸς
1533 3603 1596 3656 τὸ
1653 3604 1808 3672 γενέο

237 3678 356 3733 σθαι
383 3682 772 3753 οἰκουμενικὴν
802 3684 1041 3752 σύνοδον,
1097 3689 1428 3762 ὁμωνύμους
1481 3680 1683 3762 ἄνδρας
1726 3694 1806 3765 τῷ

236 3773 544 3844 πρωτάρχῳ
568 3773 680 3828 τῶν
705 3777 1020 3831 ἀποστόλων
1068 3780 1284 3852 Πέτρῳ.
1337 3777 1439 3837 Ὧν
1499 3801 1806 3854 παραγενο-

239 3863 430 3938 μένων,
463 3865 606 3919 οἵτε
638 3867 886 3932 εὐσεϐεῖς
937 3870 1036 3924 καὶ
1063 3871 1422 3943 γαληνότατοι
1455 3875 1613 3947 ἡμῶν
1647 3876 1806 3947 βασι-

235 3953 340 4018 λεῖς
371 3957 599 4020 τούτους
628 3959 873 4030 εὐμενῶς
905 3960 1214 4032 δεξάμενοι,
1249 3965 1384 4036 πρὸς
1409 3969 1557 4038 ἡμᾶς
1587 3971 1805 4024 ἐκέλευ-

234 4059 290 4095 ον
339 4046 679 4116 πέμπεσθαι,
707 4049 777 4102 δι’
808 4050 990 4104 αὐτῶν
1013 4051 1321 4124 δεξαμένων
1343 4057 1500 4127 ἡμῶν
1529 4059 1597 4112 τὰ
1625 4061 1805 4132 γράμ-

239 4149 379 4201 ματα
418 4136 596 4206 ὑμῶν.
631 4139 738 4190 Καὶ
769 4139 1130 4211 ὁμιλήσαντες
1149 4144 1334 4208 αὐτοῖς
1357 4147 1428 4199 τὰ
1458 4151 1803 4221 προσήκοντα

237 4227 753 4300 προσεκαλεσάμεθα
789 4231 1038 4296 καὶτοὺς
1067 4234 1132 4286 ὲκ
1179 4235 1279 4305 τῆς
1335 4236 1599 4308 ἀνατολῆς
1663 4243 1802 4311 ἱερο-

237 4320 459 4385 πρεπεῖς
486 4319 708 4388 ἄνδρας,
773 4321 1026 4393 Ἰωάννην
1059 4325 1158 4377 καὶ
1220 4326 1424 4398 Θωμᾶν
1479 4328 1641 4398 λόγου
1683 4328 1802 4386 ’καὶ

237 4404 484 4472 γνώσεως
515 4412 868 4480 μετέχοντας,
913 4415 1006 4468 καὶ
1035 4415 1293 4489 εὐλαϐείᾳ
1319 4455 1326 4462 κ
1353 4420 1452 4474 καὶ
1499 4423 1800 4494 σεμνότητι

1909 3347 2054 3387 nunc
2091 3334 2558 3402 germinaverunt,
2595 3335 3038 3391 ﬁdelissimorum
3064 3345 3120 3391 et
3138 3340 3488 3406 pacilicoruut

1907 3425 2300 3496 imperatorum
2331 3427 2544 3482 veritati
2562 3427 2932 3494 concordans,
2957 3429 3190 3486 evellere
3212 3431 3488 3486 machaera

1906 3519 2132 3588 spiritus
2157 3517 2460 3584 festinavit,
2493 3525 2721 3576 mittens
2743 3521 3049 3576 secundum
3089 3524 3354 3593 scriptam
3381 3525 3487 3578 sibi

1906 3611 2223 3680 petitionem
2257 3622 2525 3677 nostram,
2579 3613 2648 3668 ad
2681 3613 3052 3669 universalem
3105 3616 3374 3684 synodum
3405 3615 3488 3669 fa-

1905 3703 2150 3758 ciendam
2180 3703 2496 3772 aequivocos
2551 3703 2703 3760 viros
2756 3705 3024 3775 principis
3107 3706 3486 3776 apostolorum

1903 3795 2070 3850 Petri.
2113 3794 2325 3862 Quibus
2357 3796 2799 3859 advenientibus,
2829 3796 2904 3866 pii
2941 3806 2999 3852 et
3050 3798 3486 3868 tranquillissimi

1905 3879 2264 3956 imperatores
2291 3886 2460 3941 nostri
2493 3902 2590 3942 eos
2629 3887 2864 3958 benigne
2891 3887 3275 3956 suscipientes.
3301 3887 3366 3940 ad
3387 3902 3490 3941 nos

1889 3977 2166 4047 iubebant
2185 3978 2349 4040 mitti,
2377 3993 2471 4048 per
2499 3993 2596 4033 eos
2623 3978 2846 4034 litteras
2863 3985 3078 4033 vestras
3122 3979 3280 4033 nobis
3311 3977 3490 4033 susci-

1907 4070 2200 4138 pientibus.
2232 4069 2302 4125 Et
2347 4071 2514 4125 locuti
2553 4085 2681 4126 cum
2733 4071 2842 4126 illis
2871 4085 2996 4140 qua
3057 4069 3485 4138 conveniebant,

1904 4160 2294 4218 advocavimus
2320 4171 2374 4218 ct
2409 4177 2506 4216 eos
2535 4163 2630 4232 qui
2659 4161 2728 4217 ab
2763 4160 2986 4216 Oriente
3007 4170 3272 4216 venerant
3299 4177 3486 4216 sacer-

1904 4251 2053 4307 dotio
2073 4251 2362 4308 decoratos
2397 4253 2566 4318 viros,
2611 4251 2878 4307 Joannem
2913 4260 2971 4306 et
3003 4251 3294 4316 Thomam,
3335 4253 3488 4308 verbi

1905 4354 1959 4400 et
1980 4345 2220 4400 scientiae
2254 4345 2575 4414 participes,
2602 4353 2769 4415 atque
2798 4345 3105 4400 reverentia
3135 4353 3190 4398 et
3214 4345 3487 4401 modestia

1907 4446 2270 4507 pet-ornatos:
2330 4438 2558 4492 aderant
2612 4437 2762 4492 enim
2791 4437 2884 4494 hic
2928 4447 2984 4493 et
3023 4438 3126 4507 ipsi
3182 4451 3280 4508 per
3341 4439 3486 4493 idem

236 4501 681 4570 κεκοσμημέναις
710 4519 724 4532 ο
759 4503 1016 4576 παρῆσαν
1063 4508 1170 4578 γὰρ
1200 4511 1436 4566 ἐνταῦθα
1495 4513 1641 4568 κατὰ
1706 4517 1800 4570 τὸν

237 4589 394 4615 -.ν,-λ-.
426 4593 618 4615 ---ηιμ
648 4595 733 4615 με
903 4599 914 4614 .
973 4599 1016 4615 ,ς
1071 4599 1087 4615 ς
1141 4600 1197 4615 ι..
1375 4607 1419 4615 --
1464 4607 1477 4615 .
1545 4608 1589 4615 -.

1911 4501 2126 4600 tempus
2155 4529 2560 4600 pervenientes.
2586 4526 2793 4598 .ltaque
2841 4501 3199 4600 congregatis
3227 4529 3490 4584 omnibus

236 4589 394 4642 αὑτὸν
426 4593 619 4664 καιρὸν
646 4595 740 4650 καὶ
771 4597 925 4650 αὐτοὶ
969 4599 1314 4670 ἐληλυθότες.
1375 4607 1488 4660 Καὶ
1539 4608 1607 4680 δὴ
1675 4626 1801 4664 συν-

1911 4589 2378 4678 ῡοοέιιιιίϋῑιίϋιιε
2405 4623 2684 4694 episcopis
2704 4589 2882 4692 huius
2907 4589 3231 4684 diee‘eseos,
3255 4637 3351 4691 per
3380 4636 3488 4674 nu-

237 4681 632 4752 αθροισθέντων
665 4689 882 4744 πάντων
913 4692 1022 4744 τῶν
1051 4693 1323 4764 θεοφιλῶν
1352 4698 1677 4756 ἐπισκόπων
1706 4705 1804 4774 τῆς

237 4771 463 4828 ἐνταῦθα
488 4775 814 4848 διοικήσεως
857 4782 978 4834 κατ’
1009 4784 1290 4840 ἐπίνευσιν
1325 4790 1424 4843 καὶ
1457 4789 1604 4844 θεῖον
1638 4771 1803 4864 ζῆλόν

213 4861 338 4915 τῶν
375 4871 716 4928 πιστοτάτων
764 4873 858 4926 καὶ
889 4873 1130 4928 εὐσεϐῶν
1159 4876 1429 4947 βασιλέων
1464 4882 1642 4953 ἡμῶν,
1665 4861 1804 4942 καθ-

238 4955 364 5052 e'zi—pa
416 4962 638 5016 συνόδου
663 4956 910 5032 γέγονεν.
955 4967 1116 5023 Ἀλλά
1136 4987 1282 5036 τινες
1312 4974 1372 5041 ἐξ
1401 4977 1657 5046 ἀφρένων
1679 4998 1806 5052 φρε-

376 5053 710 5124 κινηθέντες,
739 5058 985 5138 τοαραχὴν
1033 5063 1093 5114 ὲν
1150 5065 1364 5131 ἑαυτοῖς
1417 5047 1804 5144 ποιησάμενοι,

241 5137 599 5214 ἐξανέστησαν
815 5149 916 5220 τῆς
966 5153 1237 5227 καθέδρας
1267 5175 1282 5189 ο
1323 5161 1420 5214 καὶ
1445 5137 1803 5235 κωλυθέντες,

239 5234 472 5335 ἐνιαυτὸν
500 5240 614 5335 ’ἐνα-
629 5243 808 5316 ἡσυχῆ
831 5246 1200 5320 διεμείναμεν.
1231 5251 1338 5306 Τοῦ
1363 5253 1424 5308 δὲ
1443 5256 1638 5328 χρόνου
1663 5277 1804 5335 παρ-

239 5325 498 5425 ελθόντος,
547 5329 706 5394 αὖθις
763 5337 816 5389 οἱ
856 5337 1128 5409 θεοφιλεῖς
1157 5325 1453 5400 ἐπίσκοποι
1467 5325 1802 5425 ⁷*συναθροί-

239 5417 419 5514 (ἵεσθαι
449 5429 506 5480 ὲν
531 5430 599 5498 τῇ
634 5426 884 5484 Νικαέων
905 5433 1137 5506 λαμπρᾷ
1169 5439 1508 5510 μητροπόλει
1533 5443 1634 5514 τῆς
1651 5417 1803 5500 Bien-

240 5511 340 5609 νῶν
374 5515 642 5609 ἐπαρχίας
677 5523 829 5593 παρά
859 5524 970 5578 τῶν
1021 5528 1268 5584 εὐσεϐῶν
1323 5511 1599 5600 βασιλέων.
1644 5538 1802 5609 ἡμῶν

241 5601 564 5666 ἐκελεύοντο.
593 5612 703 5664 Καὶ
735 5613 800 5686 δὴ
833 5617 994 5686 ἡμεῖς
1025 5621 1391 5692 συνεκδήμους
1421 5625 1554 5696 ἡμῖν
1608 5601 1798 5684 λαϐόν-

1899 4722 2016 4770 tum
2050 4724 2107 4770 et
2149 4715 2398 4770 divinum
2451 4713 2630 4769 zelum
2686 4713 3130 4770 ﬁdelissimorum
3157 4723 3212 4768 et
3267 4713 3487 4784 piorum

1903 4805 2322 4876 imperatorum,
2357 4807 2534 4860 sessio
2568 4805 2763 4877 synodi
2800 4805 2941 4862 facta
2971 4815 3076 4862 est.
3124 4807 3228 4860 Sed
3261 4806 3484 4876 quidam

1901 4912 1967 4952 es
1992 4897 2293 4952 iuseusatis
2323 4895 2588 4953 sensibus
2614 4897 2771 4962 meti,
2813 4899 3295 4968 turbationemque
3339 4899 3487 4952 intra

1911 5003 1970 5042 se
1999 4987 2287 5054 facientes,
2315 5002 2617 5060 exsurgere
2679 5003 2780 5044 nos
2810 4987 3058 5045 fecerunt
3109 5005 3140 5046 e
3177 5005 3482 5046 consessu:

1911 5088 1966 5134 et
2003 5078 2289 5148 prohibiti,
2339 5094 2486 5145 antro
2540 5095 2652 5134 uno
2688 5081 2842 5137 taciti
2872 5081 3198 5138 mansimus.
3231 5084 3302 5136 At
3355 5097 3486 5137 vero

1910 5184 2055 5224 anulo
2075 5175 2380 5234 transacto,
2411 5184 2610 5225 rursus
2630 5169 2740 5228 Deo
2763 5171 3028 5227 amabiles
3076 5172 3318 5243 episcopi
3349 5187 3485 5226 con-

1907 5261 2120 5332 gregari
2147 5261 2202 5316 in
2248 5261 2612 5318 Nicaeensium
2655 5263 2802 5319 clara
2833 5263 3120 5334 metropoli
3163 5263 3485 5336 Bithynicu-

1910 5354 2052 5409 sium
2082 5355 2383 5423 provincia:
2405 5370 2436 5410 a
2467 5355 2572 5425 piis
2608 5356 3037 5426 imperatoribus
3091 5357 3297 5412 nostris
3337 5357 3480 5426 jussi

1909 5457 2058 5502 sunt.
2093 5446 2376 5519 Siquidem
2427 5458 2482 5502 et
2512 5463 2616 5504 nos
2648 5449 2885 5504 comites
2935 5447 3094 5503 nobis
3148 5449 3484 5505 ascisccntes

1910 5539 2018 5594 Deo
2042 5540 2308 5596 amabiles
2339 5541 2487 5595 viros
2515 5550 2572 5595 et
2601 5541 2709 5597 loci
2733 5549 3044 5597 servatores
3072 5551 3305 5604 vestros,
3325 5539 3482 5594 simi-

1903 5633 2026 5686 liter
2057 5643 2108 5687 et
2130 5648 2228 5689 eos
2250 5635 2342 5704 qui
2373 5633 2440 5690 de
2467 5633 2686 5690 Oriente
2719 5645 2998 5702 venerant,
3043 5635 3382 5706 perreximus
3412 5630 3480 5684 ad

305 5787 526 5850 "Joan.
564 5813 674 5865 xw,
699 5797 790 5854 27.
871 5803 912 5834 "
943 5800 986 5855 ll
1010 5803 1136 5860 Cor.
1183 5823 1279 5874 xu,
1309 5807 1425 5864 2-1.
1507 5815 1546 5844 ¹⁷
1575 5813 1767 5882 Ῐιίιιῖιί“ξῑ.
1803 5832 1810 5868 l

1911 5815 1986 5871 li.
2067 5817 2108 5847 “'
2139 5815 2180 5870 ΙΙ
2207 5815 2368 5873 Thes.
2415 5835 2474 5885 ιι,
2515 5819 2596 5874 Η.
