4026 6378
282 420 415 488 Illi

1732 395 2138 482 mum.

3411 421 3548 486 1442

285 549 408 587 νων.
467 531 755 590 Ἀσειστος
789 529 898 599 γάρ
925 529 1041 582 ἐστι
1077 527 1172 580 καὶ
1198 527 1648 599 ἀκαταμὰχητος,
1673 524 1741 600 ἦς
1762 529 1861 580 πύ-

1979 531 2100 584 lius.
2144 527 2446 584 lmmobilis
2472 529 2618 583 enim
2645 538 2730 584 est
2755 537 2807 584 et
2843 529 3279 599 inexpugnabilis
3309 549 3322 585 :
3351 535 3549 586 adver-

282 626 368 678 λαι
398 623 524 694 ᾅδου
555 619 648 673 καὶ
675 621 934 682 ἀπιστίας
967 620 1028 672 οὐ
1064 619 1394 690 κατισχῦσαι
1429 635 1558 672 ποτε
1593 618 1856 690 δυνήσονο

283 732 389 780 ται,
420 714 496 777 ὡς
521 713 586 766 ὲκ
619 704 1047 784 τῆςΊίυριακῆς
1081 713 1266 783 φωνῆς
1297 713 1636 784 ἠκούσαμεν.
1695 732 1713 764 ι
1745 714 1856 767 Καὶ

283 803 574 875 ἐπληρώθη
607 803 782 874 χαρᾶς
809 801 873 856 τὸ
915 804 1094 874 στόμα
1159 797 1338 875 ἡμῶν,
1389 805 1486 858 καὶ
1634 805 1856 872 γλῶσσα

283 897 438 968 ἡμῶν
463 897 852 964 ἀγαλλιάσεως,
872 909 888 929 ν
923 913 942 947 ι
973 897 1070 952 καὶ
1098 895 1439 966 ἐγενήθημεν
1496 893 1859 968 εὐφραινόμε-

283 1005 362 1041 νοι
391 990 450 1041 ὲν
476 991 544 1059 τῇ
589 989 889 1060 Ἐκκλησία
1013 987 1474 1063 προκαθεζόμεθα
1529 988 1676 1043 κατὰ
1721 988 1858 1042 Θεοῦ

285 1076 558 1148 βούλησιν.
601 1079 790 1134 Ταῦτα
825 1076 924 1134 οὖν
984 1080 1268 1148 γεγόνασι,
1329 1079 1570 1150 Χριστοῦ
1616 1078 1714 1132 τοῦ
1767 1079 1860 1133 ἐπὶ

283 1169 499 1223 πάντων
529 1169 689 1240 ἡμῶν
718 1170 854 1224 Θεοῦ
887 1172 1301 1242 εύδοκήσαντος,
1335 1171 1426 1226 διὰ
1477 1169 1588 1224 τῶν
1643 1172 1860 1244 ὀρθοδό-

284 1259 386 1325 ξων
423 1261 520 1314 καὶ
565 1261 958 1334 ἀνδρειοτάτων
995 1261 1153 1333 ἡμῶν
1195 1261 1483 1334 βασιλέων.
1537 1263 1700 1318 Αὐτοὶ
1750 1265 1860 1336 γὰρ

281 1349 423 1406 κατὰ
454 1353 659 1418 παντὸς
698 1355 865 1408 τόπου
902 1354 1003 1418 τὰς
1039 1341 1245 1418 σεπτὰξ·
1282 1353 1500 1418 εἰκόνας
1530 1355 1858 1428 ἀνέστησαν,

281 1445 338 1498 ἔν
371 1462 430 1498 τε
464 1445 786 1516 σεϐασμὶοις
820 1449 994 1511 ναοῖς,
1023 1447 1118 1499 καὶ
1149 1447 1210 1498 ὲν
1235 1447 1355 1510 ταῖς
1378 1445 1572 1509 αὐλαῖς
1623 1446 1734 1500 τῶν
1765 1446 1860 1516 βα·

285 1538 499 1592 σιλείων
552 1538 753 1594 αὐτῶν.
791 1524 887 1604 Οἷς
931 1538 1138 1609 Κύριος
1189 1542 1218 1592 ὁ
1275 1539 1408 1603 Θεὸς
1457 1539 1560 1610 τὴν
1595 1540 1864 1596 ἀντίδοσιν

285 1628 585 1698 παράσχοι,
663 1628 816 1698 ὑψῶν
863 1629 926 1682 τὸ
979 1629 1148 1701 κέρας
1195 1631 1297 1698 τῆς
1354 1617 1630 1700 βασιλείας
1682 1629 1864 1685 αὐτῶν

285 1718 421 1788 πρός
449 1733 509 1771 τε
559 1719 785 1791 εἰρήνην
810 1720 920 1773 τῶν
957 1721 1293 1792 Ἐκκλησιῶν
1337 1722 1524 1789 αὐτοῦ,
1560 1725 1656 1776 καὶ
1691 1741 1867 1793 σωτη-

1966 637 2063 675 sus
2089 622 2246 689 cujus
2271 621 2430 675 [idem
2473 628 2644 691 porta:
2670 620 2830 676 inferi
2858 628 2913 674 et
2956 621 3294 676 inﬁdelitatis
3338 638 3548 692 prteru-

1959 713 2069 767 lcre
2097 727 2205 766 non
2235 721 2514 780 poterunt,
2550 711 2695 766 sicut
2740 727 2806 766 ex
2855 711 3140 766 Dominica
3185 725 3322 766 νος-ο
3382 713 3536 765 audi-

1957 792 2138 858 vimus
2189 803 2236 834 "
2274 843 2288 856 .
2371 821 2390 853 ι
2419 802 2485 856 Ει
2509 801 2772 872 repletum
2820 811 2902 858 est
2936 801 3136 871 gaudio
3176 817 3240 857 os
3275 811 3550 867 nostrum,

1958 904 2013 949 et
2039 894 2224 962 lingua
2278 903 2460 948 nostra
2497 893 2864 949 exsultatione
2916 895 3000 948 ἰτ
3039 913 3059 946 ι
3097 903 3151 948 et
3176 893 3304 947 facti
3355 909 3550 948 sumus

1959 986 2204 1040 nutantes
2251 985 2306 1039 in
2368 984 2638 1049 Ecclesia,
2701 985 2791 1040 cui
2832 984 3196 1055 praesidentes
3237 985 3545 1040 secundum

1964 1076 2056 1132 Dei
2104 1077 2461 1132 voluntatem.
2515 1075 2642 1132 Haec
2689 1076 2874 1146 itaque
2921 1078 3062 1132 facta
3110 1085 3242 1132 sunt
3295 1076 3544 1145 Christo,

1960 1165 2063 1237 qui
2082 1183 2248 1236 super
2279 1169 2468 1222 omnia
2493 1166 2639 1223 Deus
2662 1179 2850 1222 noster
2905 1176 3012 1233 est,
3037 1167 3276 1234 volente,
3311 1183 3408 1239 per
3457 1183 3551 1222 or-

1961 1259 2235 1315 thodoxos
2266 1267 2322 1314 et
2373 1258 2708 1314 fortissimos
2753 1259 3117 1328 imperatores
3151 1267 3390 1314 nostros.
3438 1259 3551 1327 ιιιεὶ

1961 1349 2108 1404 enim
2135 1349 2188 1402 in
2215 1349 2368 1404 omni
2391 1348 2514 1404 loco
2540 1348 2880 1402 venerabiles
2931 1348 3200 1418 imagines
3231 1360 3548 1413 erexerunt,

1962 1451 2072 1495 tam
2098 1440 2304 1495 scilicet
2346 1439 2404 1494 in
2462 1440 2840 1495 celeberrimis
2873 1439 3113 1508 templis,
3165 1455 3330 1508 quam
3368 1441 3421 1493 iu
3462 1456 3550 1493 re-

1964 1531 2177 1603 galibus
2209 1530 2424 1601 palatiis
2451 1530 2598 1604 suis:
2642 1531 2856 1598 Quibus
2878 1531 3144 1586 Dominus
3177 1529 3319 1583 Deus
3337 1531 3548 1584 \icissi-

1965 1623 2209 1677 tudinem
2247 1621 2474 1686 tribuat,
2507 1621 2758 1676 exaltans
2803 1637 2975 1676 cornu
3008 1621 3159 1691 regni
3194 1635 3382 1676 eorum
3440 1632 3553 1676 tant

1964 1715 2030 1770 ad
2069 1729 2262 1784 pacem
2292 1713 2664 1770 Ecclesiarum
2697 1728 2946 1777 suarum,
2982 1728 3146 1782 quam
3211 1711 3278 1765 ad
3319 1713 3551 1766 salutem

285 1810 408 1880 ρίαν
439 1810 660 1864 πάντων
715 1812 874 1883 ἡμῶν
896 1812 1006 1866 τῶν
1035 1813 1402 1885 Χριστιανῶν.
1454 1817 1552 1888 Εῐη
1579 1815 1642 1868 τὸ
1685 1815 1862 1886 δνομα

1974 1807 2211 1862 manium
2243 1805 2704 1862 Christianorum.
2746 1803 2813 1858 Et
2865 1804 2939 1858 sit
2991 1819 3193 1859 nomen
3229 1805 3351 1874 ejus
3385 1804 3552 1858 bene-

284 1900 448 1954 αύτοῦ
499 1873 866 1975 εὐλογηιίένον
921 1906 1003 1970 είς
1039 1873 1164 1968 τοὺς
1205 1905 1411 1971 αἰῶνας
1447 1873 1560 1961 τῶν
1620 1873 1862 1963 αἰώνων.
1892 1873 1936 1928 Β
1964 1893 2168 1954 (“illum
2201 1895 2256 1949 ίιι
2281 1895 2480 1951 ³801³1³
2514 1895 2865 1952 εωεαιοΐυω-
2902 1897 3096 1948 Am(3“-

298 1993 493 2063 Ἀμήνο

970 2073 1098 2136 'r'.
1579 2073 1633 2148 '_

289 2166 372 2234 Τῷ
399 2171 471 2224 τὰ
499 2170 700 2225 πάντα
746 2171 1047 2242 ἁγιωτάτῳ
1081 2174 1183 2229 καὶ
1210 2176 1640 2246 μακαριωτάτη)
1683 2179 1863 2234 ἀδελ-

353 2259 444 2330 φῷ
477 2261 580 2315 καὶ
613 2260 1086 2334 σύλλειτουργῷ,
1131 2267 1317 2336 κυρίῳ
1365 2267 1644 2336 Ἀδριανῷ
1694 2271 1866 2337 πάπᾳ

356 2354 468 2420 τῆς
491 2357 908 2424 πρεσϐυτέρας
963 2355 1212 2426 Ῥώμης,
1271 2360 1563 2427 Ταράσιος
1617 2362 1868 2428 ἀνάξιος

353 2444 695 2571 ἐπίσκοπος
769 2451 1476 2516 Κωνσταντινουπόλεως
1529 2451 1601 2504 ἐν
1674 2455 1870 2520 Κυρίῳ

354 2530 429 2571 χρ
456 2531 614 2571 ρειν.
1769 2536 1772 2540 ί

353 2530 614 2582 χαίρειν.
1769 2536 1772 2540 ί

357 2602 696 2673 Πολυμερῶς
755 2602 848 2657 καὶ
899 2604 1273 2675 πολυτρόπως,
1300 2605 1694 2675 εὐαγγελικῶς,
1730 2607 1867 2661 ἀπο-

289 2695 556 2761 στολικιίς
603 2713 664 2750 τε
689 2700 784 2751 καὶ
817 2697 1102 2769 πατρικῶς
1129 2699 1523 2773 διδασκόμεθα.
1559 2700 1866 2770 ἀφιλάργυ-

290 2806 381 2861 ρον
427 2792 634 2862 τρόπον
663 2789 810 2860 ἔχειν
833 2794 892 2843 ὲν
916 2793 984 2858 τῇ
1015 2791 1116 2860 τῆς
1141 2791 1443 2862 ἱερωσύνης
1475 2793 1752 2862 ἁγιστείᾳ,
1775 2792 1871 2844 καὶ

293 2881 366 2950 μὴ
401 2881 765 2952 χρυσίζεσοαι
817 2881 852 2953 ἢ
907 2881 1307 2954 ἁργυρίζεσθαι
1365 2883 1400 2954 ἢ
1459 2881 1870 2956 σφετερίζεσθαι

289 2971 381 3024 ὲπὶ
421 2970 734 3040 χειροτονίᾳ
760 2968 961 3033 παντὸς
997 2969 1274 3040 ἱερατικοῦ
1313 2969 1528 3040 ἀνδρὸς,
1553 2970 1630 3033 ὡς
1655 2968 1871 3022 ὑποδεί-

291 3062 450 3132 ξομεν
491 3063 551 3116 ὲν
577 3063 700 3124 ταῖς
729 3059 1314 3130 καθυποτεταγμέναις
1347 3062 1610 3132 χρήσεσιν
1652 3061 1760 3114 ἀπὸ
1813 3076 1872 3113 τε

289 3152 576 3222 γραφικῶν
607 3151 908 3222 θεηγοριῶν
941 3151 1036 3204 καὶ
1087 3149 1371 3224 πατρικῶν
1403 3149 1784 3204 διδασκαλιῶν.
1809 3151 1872 3203 Οἱ

291 3243 396 3314 γὰρ
423 3242 761 3304 ἐπιτιθέντες
793 3243 890 3306 τὰς
922 3243 1130 3312 χεῖρας,
1158 3241 1426 3311 ὑπηρέται
1472 3241 1566 3294 τοῦ
1623 3240 1874 3310 Πνεύμαη-

288 3335 377 3398 τός
415 3337 590 3398 εἰσιν,
629 3333 750 3404 ούχὶ
787 3334 994 3403 πράται
1022 3333 1116 3386 τοῦ
1142 3333 1479 3404 Πνεύματος.
1507 3331 1726 3404 Δωρεὰν
1762 3331 1872 3402 γὰρ

181 3473 185 3478 .
289 3425 547 3488 λαϐόντες
591 3425 692 3496 τὴν
727 3425 889 3496 χάριν
921 3423 1017 3479 τοῦ
1048 3425 1390 3495 Πνεύμασιος,
1453 3424 1662 3494 δωρεὰν
1726 3423 1870 3477 δίδο-

291 3517 413 3574 σθαι
427 3521 543 3582 τοῖς
567 3519 698 3590 παρ’
711 3517 890 3571 αὐτῶν
912 3517 1424 3588 μεταλαμϐάνουσιν
1440 3517 1786 3588 ἀπεφήναντο
1807 3519 1871 3570 ἐκ

289 3610 386 3683 τῆς
414 3608 691 3681 κυριακῆς
721 3611 906 3680 φωνῆς
943 3609 1150 3680 ταύτην
1178 3609 1280 3679 τὴν
1338 3610 1757 3682 ἐλευθεριότητα
1790 3611 1868 3662 εἱ-

291 3701 544 3773 ληφότες.
585 3702 650 3756 Εἱ
687 3700 746 3754 δέ
768 3718 853 3764 τις
886 3700 1173 3772 ἐλεγχθείη
1225 3701 1439 3772 χρυσίῳ
1472 3701 1676 3772 ταύτην
1725 3702 1870 3771 ὠνη-

294 3795 553 3865 σάμενος,
613 3793 1008 3863 ἀποκήρυκτον
1063 3792 1441 3864 διαγορεύουσι
1494 3793 1586 3847 τὸν
1632 3792 1871 3846 τοιοῦτον

290 3887 387 3958 τῆς
417 3887 701 3958 ἱερατικῆς
717 3885 924 3952 τάξεως
944 3884 1179 3959 [tam].
1207 3887 1268 3940 Ei
1289 3887 1398 3958 γὰρ
1419 3885 1515 3941 καὶ
1535 3887 1758 3958 ὀνόματι
1773 3887 1871 3958 τὴν

295 3979 600 4049 ἱερωσύνην
625 3977 996 4049 κεκλήρωται,
1023 3979 1139 4033 ἀλλ’
1167 3973 1261 4054 οὖν
1287 3979 1631 4047 διαψεύδεται
1661 3981 1689 4031 ὁ
1713 3978 1870 4047 λόγος

295 4071 386 4124 ἐπὶ
409 4069 490 4141 τῷ
518 4071 826 4140 πράγματι.
862 4069 1050 4133 Οὐδεὶς
1069 4069 1178 4141 γὰρ
1210 4071 1328 4140 Θεῷ
1357 4069 1623 4123 δουλεύειν
1651 4069 1872 4124 δύναται

294 4163 388 4214 καὶ
423 4162 730 4232 μαμμωνᾷ,
765 4161 842 4224 ὡς
877 4161 1255 4230 εὐαγγελικῶς
1283 4162 1580 4232 ἐμάθομεν.
1606 4162 1717 4214 Καὶ
1751 4161 1873 4212 ἐπεὶ

290 4248 606 4320 ἠκούσαμεν
646 4249 1001 4320 προφητικῶς
1017 4249 1112 4303 τοῦ
1145 4250 1278 4304 Θεοῦ
1314 4249 1564 4320 βοῶντος,
1597 4269 1615 4301 ι
1661 4249 1870 4318 ἰερείς,

295 4340 565 4412 λαλήσατε
603 4343 684 4405 εἱς
706 4342 807 4412 τὴν
847 4341 1078 4414 καρδίαν
1117 4342 1482 4413 Ἰερουσαλήμ
1513 4356 1528 4370 ο
1575 4359 1595 4391 ›
1633 4337 1790 4402 αὖθις
1814 4357 1872 4393 τε

296 4431 722 4494 ὲπαπειλοῦντος
759 4432 856 4484 καὶ
883 4431 1136 4500 λέγοντος
1158 4447 1172 4462 ο
1211 4449 1237 4483 ι
1280 4431 1339 4485 '0
1365 4431 1570 4496 σκοπὸς
1621 4430 1717 4484 ἐὰν
1789 4429 1874 4500 ἴδῃ

1969 2161 2073 2216 Per
2093 2163 2274 2216 omnia
2301 2163 2642 2218 sanctissimo
2667 2173 2718 2216 et
2766 2162 3070 2217 beatissimo
3130 2163 3291 2232 fratri
3318 2172 3367 2216 et
3408 2179 3553 2216 com-

2037 2253 2284 2306 ministro
2339 2253 2582 2306 Adriano
2625 2268 2779 2321 papa:
2817 2254 3040 2306 senioris
3071 2251 3251 2308 Romae
3293 2251 3552 2308 Tarasius

2037 2343 2290 2412 indignus
2317 2345 2593 2413 episcopus
2621 2343 3152 2412 Constantinopoleos
3185 2361 3332 2400 nova:
3372 2344 3555 2400 Romae

2037 2435 2092 2488 in
2123 2433 2353 2488 Domino
2382 2435 2610 2488 salutent
2635 2434 2737 2505 (5).

2039 2611 2338 2668 Multifarie
2369 2612 2668 2684 multisque
2712 2613 2914 2680 modis,
2947 2615 3262 2684 evangelica
3306 2614 3472 2670 simul
3498 2623 3554 2669 ct

1969 2705 2271 2774 apostolice
2303 2716 2467 2776 atque
2489 2715 2719 2776 paterae
2742 2707 3010 2762 docemur
3038 2709 3160 2763 sine
3194 2709 3422 2762 avaritia
3455 2709 3556 2763 ha-

1969 2796 2097 2852 bere
2146 2811 2329 2852 mores
2371 2795 2428 2850 in
2473 2797 2766 2852 sacerdotii
2816 2798 3279 2864 sanctiﬁcatione,
3337 2809 3393 2854 ct
3441 2815 3553 2855 non

1969 2904 2189 2956 aurum,
2221 2904 2332 2944 non
2381 2899 2692 2961 argentum,
2717 2897 2814 2944 aut
2864 2889 3070 2960 aliquid
3111 2892 3258 2946 aliud
3286 2905 3555 2962 usurpare

1971 2996 2137 3052 super
2166 2997 2366 3038 manus
2388 2982 2741 3052 impositione
2763 2983 2950 3036 omnis
2973 2985 3171 3056 sacrati
3197 2984 3325 3046 viri,
3353 2999 3554 3053 quem-

1971 3070 2266 3128 admodum
2327 3072 2686 3130 ostendemus
2734 3074 2789 3127 in
2823 3074 3092 3130 ordinatis
3136 3076 3364 3132 inferius
3397 3075 3554 3131 testi-

1977 3167 2198 3228 muniis,
2234 3175 2342 3220 tam
2396 3182 2461 3220 ex
2517 3166 2820 3236 Scripturae
2872 3165 3074 3223 divinae
3128 3168 3552 3230 assertionibus,

1975 3271 2140 3325 quam
2165 3272 2234 3329 ex
2274 3256 2518 3326 paternis
2548 3257 2884 3326 magisteriis
2906 3260 3228 3327 assumptis.
3272 3257 3378 3324 Qui
3402 3259 3554 3312 enim

1972 3361 2170 3400 manus
2193 3345 2506 3420 imponunt,
2541 3347 2781 3400 ministri
2803 3357 2930 3401 sunt
2975 3347 3236 3416 Spiritus,
3271 3364 3381 3403 non
3418 3366 3554 3404 ven-

1973 3434 2180 3488 ditores
2203 3434 2479 3502 Spiritus;
2503 3433 2675 3502 gratis
2706 3433 2910 3504 quippe
2939 3435 3276 3504 accipientes
3308 3439 3547 3507 gratiam

1975 3526 2237 3595 Spiritus,
2267 3525 2438 3595 gratis
2462 3525 2546 3579 his
2567 3525 2660 3596 qui
2693 3541 2724 3580 a
2763 3541 2823 3582 se
2851 3527 3182 3596 percipiunt,
3237 3528 3372 3583 dare
3407 3545 3556 3598 pra:-

1971 3619 2272 3689 cipiuntnr,
2307 3633 2373 3672 ex
2407 3617 2691 3672 Dominica
2735 3632 2866 3674 voce
2905 3619 3048 3675 hanc
3083 3621 3396 3676 libertatem
3427 3621 3553 3694 [Gn

1973 3708 2388 3782 liberalitatem]
2417 3709 2618 3780 adepti.
2654 3708 2710 3764 Si
2737 3711 2860 3780 quis
2889 3720 3068 3765 autem
3087 3713 3370 3769 convictus
3394 3713 3558 3775 fuerit,

1971 3804 2208 3875 pecunia
2235 3804 2376 3858 hanc
2399 3802 2729 3870 obtinuisse,
2753 3802 3031 3871 abiectum
3097 3803 3216 3859 fore
3250 3805 3320 3860 ab
3363 3807 3560 3862 ordine

1973 3904 2166 3951 sancto
2225 3894 2576 3964 promulgant
2625 3892 2988 3963 hujusmodi:
3045 3904 3102 3948 et
3153 3895 3286 3949 licet
3331 3896 3557 3950 nomine

1973 3982 2345 4038 sacerdotium
2375 3983 2665 4046 sortiatur,
2701 3981 2796 4036 sed
2841 3979 3050 4036 fallitur
3097 3997 3281 4038 sermo
3303 3983 3358 4037 iu
3391 3999 3558 4038 causa

1975 4075 2054 4148 [in
2089 4073 2197 4146 re].
2227 4073 2398 4128 Nemo
2456 4074 2602 4128 enim
2655 4072 2862 4128 servire
2889 4084 3070 4142 potest
3120 4072 3232 4130 Deo
3292 4083 3346 4128 et
3383 4090 3559 4130 mam-

1973 4185 2172 4235 mome,
2200 4170 2344 4224 sicut
2369 4184 2434 4222 ex
2465 4166 2760 4238 Evangelia
2788 4167 3084 4223 didicimus
3115 4169 3160 4200 ²²
3192 4207 3207 4222 .
3241 4168 3380 4234 Quia
3427 4185 3558 4222 vero

1972 4260 2289 4339 prophetico
2320 4260 2630 4316 audivimus
2651 4259 2764 4314 Deo
2801 4260 3112 4316 clamante:
3154 4278 3174 4312 ι
3202 4258 3555 4329 Sacerdotes,

1974 4353 2262 4426 loquimini
2313 4354 2381 4409 ad
2407 4367 2504 4408 cor
2545 4351 2850 4408 Jerusalem
2877 4351 2926 4384 ’³
2953 4369 2969 4418 ;
2999 4371 3018 4404 ι
3055 4367 3364 4422 rursusque
3409 4369 3563 4408 cum-

1975 4447 2222 4501 minante
2246 4454 2415 4516 atque
2440 4444 2693 4500 dicente:
2729 4463 2748 4496 ι
2783 4443 3108 4515 Speculator
3138 4445 3186 4499 si
3213 4445 3410 4500 viderit
3439 4445 3560 4515 gla-

296 4523 396 4592 τὴν
450 4523 730 4594 ῥομφαίαν
772 4522 1098 4594 ἐρχομένην,
1129 4522 1224 4576 καὶ
1257 4521 1333 4594 μὴ
1381 4523 1600 4598 σημάνῃ
1629 4525 1696 4592 τῇ
1751 4521 1868 4574 σάλ-

1977 4535 2128 4591 dium
2158 4534 2490 4600 venientem,
2517 4541 2572 4588 et
2603 4533 3037 4592 noninsuuuerit
3067 4532 3221 4598 tuba,
3241 4545 3296 4589 et
3325 4534 3559 4603 populus

299 4629 481 4682 πιγγι,
511 4615 604 4666 καὶ
633 4613 662 4666 ὁ
689 4613 816 4677 λαὸς
850 4613 926 4684 μὴ
967 4613 1290 4682 φυλάξηται,
1317 4613 1411 4666 καὶ
1437 4613 1666 4666 ἐλθοῦσα
1683 4615 1724 4683 ἡ.
1741 4615 1876 4684 ῥομ-

299 4704 434 4772 φαία
479 4705 620 4778 λάϐῃ
651 4704 711 4768 ἐξ
755 4704 934 4758 αὐτῶν
973 4704 1176 4775 ψυχὴν,
1219 4703 1280 4756 τδ
1327 4697 1468 4774 αἷμα
1500 4704 1566 4756 ὲκ
1608 4703 1713 4774 τῆς
1761 4721 1875 4773 χει-

301 4793 394 4866 ρὸς
423 4795 516 4848 τοῦ
551 4794 758 4850 σκοποῦ
793 4793 1107 4866 ὲκζητήσω·
1148 4811 1167 4846 ι
1191 4793 1353 4863 φόϐον
1379 4791 1474 4846 τοῦ
1507 4794 1607 4862 τῆς
1667 4795 1880 4863 σιωπῆς

301 4886 716 4958 κατακρὶματος
783 4884 1192 4956 ἀναγγέλλομεν
1247 4885 1361 4948 τοῖς
1421 4884 1703 4955 προέδροις
1745 4887 1878 4937 πᾶσι

301 4976 409 5030 τῶν
459 4977 580 5031 καθ’
612 4979 760 5048 ἡμᾶς
799 4976 1177 5046 Ἐκκλησιῶν,
1232 4975 1318 5028 ἱνα
1381 4975 1519 5044 μετὰ
1569 4975 1880 5046 παρρησίας

304 5069 446 5124 κατά
471 5069 566 5124 τδν
593 5068 736 5122 θεῖον
773 5067 1094 5122 ’Λπόστολον
1131 5066 1374 5138 εῖπωμεν
1393 5081 1412 5124 f
1442 5065 1688 5137 Καθαροί
1715 5067 1882 5136 ἐσμεν

303 5163 411 5216 ἀπὸ
453 5163 548 5218 τοῦ
580 5163 814 5233 αἵματος
859 5160 968 5215 τῶν
1003 5158 1452 5230 παραϐαινόντων
1469 5157 1566 5220 τὰς
1591 5156 1880 5220 κανονικὰς

303 5255 588 5324 διατάξεις,
623 5257 718 5309 καὶ
751 5255 961 5322 πάνυγε
997 5253 1198 5324 μᾶλλον
1228 5251 1339 5304 τῶν
1390 5252 1483 5304 ἐπὶ
1533 5252 1812 5320 χρήμασιν
1844 5249 1878 5320 ἢ

307 5345 798 5416 χειροτονησάντων
859 5343 893 5412 ἢ
948 5340 1463 5412 χειροτονηθέντων,
1521 5339 1730 5412 Πέτρου
1782 5335 1876 5390 τοῦ

1979 4636 2038 4677 se
2063 4637 2174 4676 non
2206 4620 2528 4675 custodierit
2560 4627 2655 4686 ;et
2692 4619 2915 4676 veniens
2941 4620 3157 4689 gladius
3189 4620 3460 4688 acceperit
3487 4635 3557 4674 ex

1975 4710 2058 4765 eis
2092 4709 2356 4774 animam,
2388 4708 2712 4778 sanguinem
2739 4710 2808 4764 de
2856 4723 3025 4764 manu
3060 4707 3428 4778 speculatoris
3470 4722 3558 4762 re-

1978 4799 2194 4871 quiram
2225 4799 2270 4831 ³⁵
2291 4837 2306 4852 .
2339 4817 2360 4850 ι
2392 4797 2668 4852 Timorem
2702 4814 2768 4852 ex
2809 4797 3030 4853 silentio
3058 4797 3434 4852 damnationis
3459 4798 3557 4853 (le-.-

1979 4892 2303 4946 nuntiamus
2335 4889 2661 4961 prtesulibus
2709 4889 2967 4945 omnibus
3021 4887 3390 4944 Ecclesiarnm
3434 4905 3558 4960 qua

1979 4985 2121 5053 apud
2153 4999 2256 5038 nos
2280 4993 2424 5048 sunt,
2455 4990 2516 5036 ut
2540 4996 2663 5036 cum
2693 4980 2892 5036 fiducia
2957 4982 3260 5038 secundum
3307 4981 3556 5036 divinum

1979 5076 2299 5142 Apostolum
2331 5075 2377 5107 "
2405 5075 2693 5130 dicamus:
2751 5073 2939 5128 Mundi
2995 5089 3188 5154 smnus
3223 5089 3258 5129 a
3287 5074 3558 5144 sanguine

1980 5158 2460 5231 praevaricantium
2499 5158 2795 5214 eanonicas
2824 5159 3236 5229 dispositiones,
3275 5166 3331 5212 et
3381 5157 3558 5211 multo

1982 5253 2156 5322 magis
2178 5267 2367 5306 eorum
2391 5252 2487 5320 qui
2518 5265 2614 5320 per
2643 5251 2904 5318 pecunias
2948 5266 3147 5306 manus
3178 5251 3560 5320 imposuerunt

1981 5343 2066 5396 vel
2097 5341 2388 5410 imponunt
2433 5339 2550 5413 [σν.
2595 5341 2680 5394 vel
2712 5356 2908 5396 manus
2935 5341 3344 5410 impositiunem
3399 5355 3558 5394 accc-

304 5439 449 5492 θείου
473 5436 797 5501 ἀποστόλου,
839 5428 900 5488 οὗ
931 5435 1026 5488 καὶ
1058 5433 1157 5504 τὴν
1197 5433 1466 5503 καθέδραν
1523 5429 1868 5501 ἐκληρώσατο

1981 5431 2248 5506 perunt];
2286 5431 2450 5486 Petro
2475 5432 2660 5488 divino
2717 5433 2988 5500 apostolo,
3034 5431 3194 5501 cujus
3238 5431 3556 5486 (alliedrant

304 5530 337 5599 ἡ
379 5530 644 5602 ἁδελφικῆ
686 5529 840 5600 ὑμῶν
869 5527 1114 5597 ἁγιότης,
1147 5525 1224 5589 ὡς
1277 5525 1497 5594 Σίμωνα
1539 5521 1632 5584 τὸν
1678 5521 1868 5589 Μάγον

1976 5523 2167 5576 sortita
2205 5531 2288 5575 est
2313 5519 2551 5574 fraterna
2598 5520 2860 5575 sanctitas
2889 5531 3094 5582 vestra,
3152 5520 3252 5574 hos
3295 5529 3556 5589 tanquam

373 5643 630 5768 "Elissaeis.
671 5626 896 5707 “1,18.
971 5641 1016 5672 ’ί
1041 5637 1186 5694 Psal.
1217 5654 1378 5701 cxxv,
1419 5637 1472 5691 5.
1549 5636 1594 5668 ³⁸
1626 5633 1820 5690 Matth.
1857 5653 1868 5684 γ

1974 5634 2058 5689 2i.
2207 5633 2252 5666 ⁸³
2285 5632 2388 5687 lsa.
2417 5649 2506 5700 XL,
2537 5633 2592 5686 2.
2688 5631 2737 5666 “
2766 5633 2968 5689 Ezech.
3005 5647 3200 5699 χχχιιι,
3233 5632 3287 5686 6.
3363 5632 3410 5665 ³⁸
3433 5631 3554 5690 Act.

305 5725 372 5766 xx
429 5725 500 5768 26
555 5725 645 5768 αι.

374 5751 452 5874 ίῦ)
490 5753 588 5859 list
613 5804 668 5858 in
701 5803 842 5858 libro
868 5799 1018 5856 Juris
1047 5796 1496 5855 Graeco-Romani
1540 5795 1636 5852 Gr.
1678 5805 1731 5851 et
1759 5795 1879 5850 Lat.
1922 5809 1988 5850 ex
2029 5794 2136 5849 alia
2172 5793 2446 5849 versione.
2487 5789 2663 5848 lianr.

2207 5633 2252 5666 ²³
2285 5632 2388 5687 lsa.
2417 5649 2506 5700 XL,
2537 5633 2592 5686 2.
