4026 6402
493 416 630 482 1443

1599 408 1661 468 S.
1695 405 2003 467 TARASII
2043 405 2552 466 PATRIARCILE
2583 406 2692 466 CP.

3615 412 3734 482 liii

489 539 771 592 Simonem
826 528 1039 598 Magum
1109 527 1430 596 deponente.
1499 522 1678 594 Hujus
1752 522 1834 576 rei
1912 521 2063 596 grati:

2187 520 2411 583 τούτους
2445 519 2786 584 καθελόντος.
2813 517 3019 574 Τούτου
3049 520 3239 576 ἕνεκεν
3279 521 3378 593 οὐχ
3430 522 3734 584 61:0stch-
3783 531 3786 535 ’

492 643 603 682 non
627 622 1080 692 subterfngimus,
1109 634 1221 690 quo
1257 617 1443 672 tuiuus
1493 614 1894 670 annuntiemus
1926 611 2075 666 veri-

492 729 678 782 tatem,
720 707 1092 770 custodientes
1117 719 1171 766 et
1225 717 1476 765 tenentes
1527 720 1708 778 qurea
1751 703 1964 760 sanctis
2017 709 2075 757 et

489 805 890 864 laudatissimis
917 802 1208 872 apostolis,
1242 809 1298 856 et
1334 797 1788 854 memorabilibus
1815 793 2072 849 Patribns

489 898 697 954 nostris
736 895 1004 950 canonice
1032 905 1160 949 sunt
1198 893 1411 962 prolata
1435 909 1449 944 :
1482 899 1538 944 et
1567 888 1670 944 hos
1691 887 1786 959 qui
1816 885 1947 956 quid
1973 885 2075 939 ho-

487 1003 612 1041 rum
641 983 1097 1053 contempserint,
1145 981 1552 1038 abominamur.
1601 978 1775 1047 igitur
1829 975 2072 1031 fraterna
2111 977 2117 983 '

487 1089 540 1135 et
573 1092 792 1133 summo
819 1073 1412 1132 sacerdotiO'deeorata
1433 1071 1698 1128 sanctitas
1721 1077 1925 1130 vestra,
1948 1066 2072 1138 jure

487 1186 553 1224 ac
582 1169 880 1226 secundum
907 1167 998 1222 Dei
1026 1166 1367 1221 voluntatem
1411 1161 1776 1234 pontificalem
1802 1160 2068 1215 ordinans

485 1261 742 1330 pietatem
775 1257 893 1330 [σι’.
924 1271 1144 1312 sacrum
1176 1254 1584 1310 hierarchicum
1635 1252 1948 1322 gubernans
1974 1265 2068 1304 or-

475 1349 714 1422 dinem],
745 1349 1182 1420 opinatissimam
1213 1347 1380 1402 habet
1423 1345 1682 1416 gloriam.
1739 1342 1888 1397 Dixit
1923 1343 2068 1397 enim

485 1457 580 1511 per
601 1442 921 1512 prophetam
951 1443 1166 1510 primus
1190 1449 1244 1494 et
1273 1452 1505 1508 magnus
1525 1450 1776 1492 summus
1807 1434 2076 1489 sacerdos.

473 1532 742 1605 .Christus
771 1531 916 1586 Deus
941 1541 1167 1586 noster:
1205 1549 1225 1584 ι
1259 1529 1395 1584 Vivo
1428 1545 1552 1600 ego,
1572 1527 1668 1582 sed
1699 1527 2071 1596 gloriﬁcantes

484 1641 574 1680 me
625 1625 946 1694 glorilicabo
969 1625 1013 1656 ⁸⁸
1043 1663 1058 1678 .
1080 1641 1100 1674 ›
1166 1621 1320 1678 Nosti
1343 1623 1516 1685 enim,
1549 1621 1634 1674 vir
1663 1618 2065 1674 desideriorum

486 1717 748 1788 Spiritus,
781 1717 910 1786 quia
955 1699 1290 1770 tolérabilior
1321 1722 1407 1769 est
1436 1711 1738 1768 Macedonii
1781 1721 1836 1765 et
1876 1723 2067 1764 eorum

485 1809 580 1878 qui
607 1809 754 1863 circa
781 1809 958 1878 ipsum
989 1814 1140 1870 sunt,
1175 1805 1414 1876 Spiritus
1437 1805 1878 1874 impugnatornm
1901 1802 2068 1872 impia

2185 610 2327 680 μεθα
2358 611 2454 666 τοῦ
2501 612 2786 682 ἀγγέλλειν
2819 612 2921 682 τὴν
2949 613 3232 684 ἀλήθειαν,
3275 609 3626 684 φυλάττοντες
3654 625 3738 678 καὶ

2181 699 2519 770 κρατοῦντες
2549 702 2622 756 τὰ
2663 703 2818 774 παρά
2867 703 2977 756 τῶν
3024 703 3198 773 ἁγίων
3245 706 3339 760 καὶ
3387 709 3738 780 πανευφήμων

2180 791 2516 858 ἀποστόλων,
2549 793 2644 847 καὶ
2675 793 2788 846 τῶν
2809 794 3076 872 ἁοιδίμνων
3110 795 3372 866 Πατέρων
3399 796 3557 868 ἡμῶν
3590 817 3738 860 atavo.-

2179 883 2347 948 νικῶς
2383 883 2674 938 ἐκδοθέντα
2708 901 2723 916 ο
2779 885 2874 938 καὶ
2917 885 2972 939 εἱ
2999 903 3054 939 τι
3086 886 3293 940 τούτων
3318 889 3606 960 παρεϐἀθη
3645 892 3740 947 ύπό

2179 991 2365 1040 τινων,
2407 974 2828 1046 βδελυττόμεθα..
2878 975 2944 1030 Ἡ
2992 971 3088 1030 οὖν
3141 977 3404 1050 ἁδελφικὴ
3459 980 3608 1050 ὑμῶν
3645 983 3740 1056 ἀρ-

2178 1066 2551 1139 χιεροπρεπὴς
2615 1068 2896 1138 ἁγιωσύνη
2951 1067 3232 1140 ὲνθέσμως
3284 1056 3383 1124 καὶ
3440 1071 3578 1126 κατὰ
3616 1071 3739 1128 Θεοῦ

2183 1156 2440 1228 βούλησιν
2486 1158 2904 1230 πρυτανεύουσα
2948 1160 3051 1226 τὴν
3107 1161 3430 1233 ίεραρχικὴν
3453 1163 3737 1232 ἀγιστείαν,

2178 1247 2472 1320 διαϐόητον.
2491 1249 2604 1321 ἔχει
2646 1249 2748 1322 τὴν
2795 1250 2973 1318 δόξαν.
3010 1250 3217 1322 Είρηκε
3248 1250 3356 1323 γὰρ
3391 1252 3480 1306 διὰ
3506 1253 3596 1306 τοῦ
3623 1273 3743 1327 προ-

2177 1341 2353 1412 φήτου
2390 1343 2421 1395 ό
2473 1343 2692 1414 πρῶτος
2725 1342 2825 1396 και
2867 1343 3043 1415 μέγας
3101 1344 3395 1415 ἀρχιερεὺς
3445 1344 3672 1413 Χριστὸς
3715 1348 3742 1400 ό

2175 1431 2309 1494 Θεὸς
2339 1432 2498 1504 ἡμῶν
2527 1449 2542 1464 ο
2581 1435 2620 1486 ι·
2638 1433 2728 1487 Ζῶ
2750 1431 2884 1506 ἐγὼ,
2935 1423 3051 1488 ἀλλ’
3079 1435 3114 1505 ἢ
3141 1435 3270 1513 τοὺς
3311 1431 3632 1500 δοξάζοντάς
3680 1454 3742 1507 με

2171 1524 2402 1590 δοξάσω.
2429 1545 2448 1579 ι
2467 1520 2628 1590 Οἶδας
2654 1526 2785 1598 γὰρ,
2808 1525 2942 1598 ἄνερ
2961 1525 3272 1598 ἐπιθυμιῶν
3299 1525 3396 1580 τοῦ
3417 1525 3740 1598 Πνεύματος,

2175 1616 2258 1669 ὅτι
2309 1616 2655 1688 φορητοτὲρα
2708 1615 2910 1686 μᾶλλόν
2959 1619 3078 1670 ἐστι
3123 1615 3462 1672 Μακεδονίου
3509 1617 3603 1670 καὶ
3641 1617 3743 1671 τῶν

2174 1709 2316 1778 ἀμφ’
2351 1708 2514 1762 αὐτὸν
2566 1709 3053 1780 Πνευματομάχων
3117 1711 3151 1780 ἡ
3193 1707 3466 1780 δυσσεϐὴς
3524 1707 3740 1780 αἵρεσις.

2187 1799 2443 1854 Ἐκείνων
2481 1801 2592 1870 γὰρ
2655 1799 2864 1870 κτίσμα
2927 1799 3024 1854 καὶ
3062 1798 3248 1853 δοῦλον
3309 1797 3408 1852 τοῦ
3458 1796 3594 1851 Θεοῦ
3655 1799 3743 1852 καὶ

485 1897 736 1952 haeresis.
797 1895 908 1951 lliis
959 1895 1107 1950 enim
1178 1903 1486 1950 creaturam
1575 1902 1630 1948 et
1697 1907 1912 1948 servum
1981 1891 2063 1950 De.

2183 1890 2398 1961 Πατρός
2457 1889 2522 1943 τὸ
2605 1890 2762 1960 ἅγιον
2828 1889 3056 1960 Πνεῦμα
3122 1886 3510 1959 ληρῳδούντων
3531 1926 3548 1953 ,
3610 1879 3744 1942 οῦτοι

483 2003 550 2044 ac
637 1987 818 2044 Patris
876 1985 1140 2058 Spiritum
1205 1986 1372 2042 delire
1433 1985 1777 2054 fatentibus,
1835 1985 1926 2040 isti
1989 1985 2072 2040 sui

482 2081 658 2150 ipsius
741 2096 890 2147 eum,
959 2088 1020 2136 ut
1109 2089 1420 2146 autumant,
1489 2095 1707 2135 servum
1811 2078 2070 2154 eiﬁeiunt.

479 2171 674 2228 Omnis
723 2173 870 2228 enim
925 2171 1188 2228 dominus
1226 2173 1375 2242 quod
1408 2171 1682 2235 habuerit,
1717 2170 1764 2226 si
1813 2171 2068 2235 voluerit,

479 2265 799 2330 venumdat,
858 2264 977 2320 sive
1035 2279 1280 2330 servum,
1313 2264 1430 2320 sive
1487 2263 1634 2319 aliud
1689 2262 1822 2332 quid
1878 2278 2068 2318 eorum

482 2369 606 2426 quae
644 2353 912 2424 possidet.
955 2352 1227 2408 Similiter
1256 2363 1310 2408 et
1333 2354 1428 2424 qui
1458 2353 1612 2417 emit,
1667 2353 1928 2408 dominus
1969 2368 2068 2406 vo-

481 2445 602 2500 lens
631 2461 753 2501 esse
788 2447 910 2515 ejus
938 2445 1084 2516 quod
1115 2447 1336 2512 emerit,
1393 2461 1492 2517 per
1541 2446 1778 2516 pretium
1825 2447 2070 2516 pecuniae

487 2537 623 2591 illud
653 2537 913 2606 acquirit.
958 2537 1036 2592 Ita
1079 2546 1132 2592 et
1156 2538 1249 2607 qui
1302 2538 1441 2592 hanc
1497 2537 1738 2608 iniquam
1795 2539 2064 2593 actioni-in

481 2638 802 2699 operantur,
855 2629 1151 2684 detrahunt
1196 2628 1428 2700 Spiritui
1507 2639 1721 2696 sancto,
1784 2629 2068 2700 aequaliter

478 2728 768 2790 peccantes
797 2719 885 2774 bis
914 2719 1007 2788 qui
1039 2718 1440 2788 blaSphemant,
1493 2718 1736 2774 dicentes
1787 2719 1842 2772 in
1909 2717 2065 2772 Beelv

481 2813 659 2868 zebub
690 2812 889 2882 ejicere
924 2813 1194 2867 daemonia
1229 2809 1511 2866 Christum
1536 2811 1580 2842 ³⁷
1606 2849 1620 2864 .
1657 2812 1833 2879 Atque
1883 2823 1940 2864 ut
1967 2827 2062 2865 ve-

479 2905 600 2961 rius
644 2904 916 2968 dicamus,
966 2903 1123 2960 ludat
1171 2911 1566 2974 comparantur
1638 2904 1912 2968 traditori,
1967 2904 2061 2974 qui

479 2993 576 3051 Dei
607 2994 946 3050 oceisorihus
983 2991 1186 3048 Judaeis
1218 2994 1393 3064 pretio
1417 2995 1633 3064 argenti
1661 2995 1936 3080 Christum
1969 3011 2062 3048 ve-

479 3081 790 3136 numdedit.
821 3079 958 3134 Cum
989 3095 1120 3150 ergo
1150 3091 1373 3136 sanctus
1405 3081 1648 3152 Spiritus
1694 3079 2062 3138 consubstan-

2175 1981 2406 2047 ἑαυτῶν,
2472 1981 2549 2046 ὡς
2595 1981 2852 2046 δοκοῦσι,
2895 1980 3085 2036 δοῦλον
3148 1981 3282 2034 αὐτὸ
3348 1979 3582 2034 ποιοῦσι.
3639 1980 3745 2044 Πᾶς

2173 2074 2286 2144 γὰρ
2360 2074 2629 2149 δεσπότης
2665 2073 2694 2128 ὅ
2751 2091 2803 2128 τι
2865 2073 2932 2128 ἂν
2995 2073 3109 2144 ἔχοι
3149 2115 3166 2140 ,
3222 2076 3272 2128 εἱ
3330 2073 3620 2144 βούλοιτο,
3661 2093 3746 2130 πι-

2173 2166 2436 2236 πράσκει,
2494 2166 2606 2218 εἴτε
2633 2165 2872 2235 οἰκέτην,
2908 2163 3024 2219 εἴτε
3073 2165 3263 2236 ἕτερον
3309 2159 3386 2220 ὧν
3431 2165 3742 2236 κέκτηται·

2171 2256 2435 2319 ὡσαύτως
2465 2257 2560 2310 καὶ
2583 2258 2612 2310 ὁ
2657 2255 2969 2326 ἀγοράζων,
3026 2257 3295 2326 δεσπότης
3325 2255 3647 2328 βουλόμενος
3672 2251 3746 2310 εῐ-

2169 2367 2258 2404 ναι
2289 2349 2384 2404 τοῦ
2436 2351 2840 2421 ἠγορασμένον,
2903 2349 3000 2403 διὰ
3047 2350 3214 2420 τιμῆς
3267 2349 3542 2422 ἀργυρίου
3593 2350 3747 2406 τοῦτο

2169 2443 2388 2497 κτᾶται.
2424 2443 2614 2506 υῦτως
2645 2443 2694 2496 οἱ
2717 2443 2924 2515 ταύτην
2956 2441 3056 2514 τὴν
3084 2442 3327 2513 ἄθεσμον
3361 2444 3566 2514 πρᾶξιν
3587 2444 3743 2516 ἔργα·

2169 2535 2409 2607 ζόμενοι,
2465 2536 2903 2600 καταϐιόἁζουσι
2933 2535 2996 2590 τὸ
3045 2534 3272 2606 Πνεῦμα
3324 2537 3386 2590 τὸ
3429 2535 3743 2606 ἀγιονμῐσα

2166 2629 2581 2700 ἁμαρτάνοντες
2601 2632 2714 2692 τοὶς
2744 2627 3184 2700 βλασφημοῦσιν,
3208 2629 3266 2681 ὲν
3294 2627 3630 2693 Βεελζεόοὺλ
3655 2631 3742 2682 ὲκ-

2166 2721 2382 2775 6ἀλλειν
2413 2720 2482 2774 τὰ
2507 2721 2762 2792 δαιμόνια
2787 2721 2880 2773 τὸν
2909 2720 3168 2792 Χριστόν.
3207 2720 3280 2771 Ἢ
3301 2719 3430 2785 τόγε
3458 2719 3744 2790 ἀληθέστε-

2167 2830 2262 2885 ρον
2290 2815 2490 2881 εἰπεῖν,
2545 2813 2908 2884 παρεοίκασιν
2951 2811 3123 2882 Ἰούδᾳ
3148 2809 3227 2880 τῷ
3265 2810 3528 2889 προδότῃ,
3556 2811 3615 2873 ὃς
3635 2812 3742 2873 τοὶς

2165 2901 2783 2971 θεοκτόνοιςέῐουδαίοις
2815 2899 2986 2970 τιμῆς
3009 2899 3276 2970 ἀργυρίου
3298 2900 3539 2970 Χριστὸν
3568 2899 3741 2970 ἀπεμ-

2165 2994 2456 3065 πολήσατα
2505 2995 2593 3057 Ὠς
2615 2992 2708 3046 οὖν
2728 2993 2790 3046 τὸ
2817 2993 2974 3060 ἆγιον
3015 2992 3241 3061 Πνεῦμα
3263 2993 3266 2996 ’
3289 2989 3578 3061 ὁμοούσιόν
3632 2993 3742 3044 ὲστι

2161 3086 2382 3158 Χριστῷ
2404 3083 2482 3156 τῷ
2509 3084 2629 3156 Θεῷ
2664 3073 2869 3156 ἡμῶν,
2905 3085 3006 3152 τῆς
3059 3084 3232 3152 αὐτῆς
3279 3085 3450 3136 παντί
3479 3099 3614 3137 ’που
3650 3081 3744 3154 δῆ-

479 3173 630 3248 tiplis
654 3173 728 3228 sit
755 3172 978 3229 Christo
1005 3172 1119 3229 Deo
1177 3185 1386 3240 nostro,
1433 3175 1676 3243 ejusdem
1726 3175 1957 3230 omnino
2003 3185 2058 3230 et

2167 3177 2263 3232 λον
2311 3177 2529 3230 ἔσονται
2585 3175 2846 3246 μερίδος,
2881 3175 2957 3240 ὡς
2995 3175 3394 3230 Manum.
3452 3174 3517 3228 Et
3569 3175 3627 3230 δὲ
3681 3175 3740 3228 οὐ

479 3267 587 3336 ipsi
614 3265 882 3333 partionis
921 3275 1104 3331 erunt,
1151 3276 1212 3320 ut
1246 3275 1528 3322 ostensum
1555 3279 1658 3323 est.
1703 3269 1760 3320 Si
1792 3284 1921 3322 vero
1949 3284 2056 3322 non

479 3357 763 3423 venditur,
797 3357 1167 3428 (perspicuum
1195 3359 1340 3412 enim
1366 3369 1470 3426 est,
1518 3363 1664 3430 quod
1695 3361 1844 3416 nullo
1870 3364 2057 3432 modo)

481 3457 711 3504 nonest
742 3449 933 3517 procul
963 3449 1132 3504 dubio
1167 3449 1221 3504 in
1244 3451 1326 3505 eis
1355 3451 1532 3521 gratia
1565 3450 1806 3522 Spiritus
1859 3455 2057 3518 sancti,

477 3541 537 3596 id
563 3549 670 3605 est,
705 3541 1000 3596 sacerdotii
1028 3543 1316 3597 sanctitas.
1348 3543 1482 3597 Nam
1507 3544 1651 3612 quod
1682 3559 1790 3598 non
1829 3557 2057 3616 accepeo

477 3645 631 3698 runt,
662 3649 772 3688 non
803 3633 1025 3690 habent.
1059 3633 1328 3690 Memores
1356 3651 1488 3708 ergo
1529 3637 1640 3692 sint
1671 3639 1848 3694 sancti
1886 3638 2056 3704 Petri,

477 3725 550 3781 ad
575 3741 699 3782 eum
723 3725 818 3796 qui
849 3727 956 3782 hoc
997 3727 1256 3782 studebat
1308 3729 1383 3782 ita
1428 3729 1699 3786 dicentis:
1772 3750 1791 3783 ι
1821 3729 1940 3786 Non
1975 3742 2061 3788 est

478 3817 576 3874 tibi
606 3832 760 3886 pars,
790 3833 971 3888 neque
995 3833 1116 3874 sors
1145 3818 1199 3872 in
1257 3833 1513 3875 sermone
1541 3805 1644 3876 hoc
1671 3822 1720 3854 “
1741 3865 1752 3878 .
1776 3841 1796 3872 ι
1837 3821 1892 3877 Si
1909 3824 2057 3878 enim

477 3911 845 3965 venumdatur
875 3911 1171 3965 sacerdotii
1201 3910 1464 3982 dignitas,
1495 3929 1626 3984 ergo
1675 3914 1948 3984 superﬂua
1976 3924 2061 3970 est

478 4002 622 4071 apud
654 4001 804 4070 ipsos
860 4003 986 4056 vitae
1022 4002 1320 4072 probabilis
1375 4004 1540 4069 actio,
1593 4015 1647 4058 et
1701 4007 1756 4059 in
1806 4011 2059 4062 castitate

479 4093 716 4162 aliisque
789 4093 1086 4148 virtutibus
1157 4097 1525 4150 conversatio.
1589 4096 1912 4166 Superﬂuus
1973 4109 2060 4155 est

477 4183 784 4239 secundum
836 4185 986 4254 ipsos
1029 4185 1213 4241 etiam.
1254 4185 1457 4242 Paulus
1509 4187 1730 4244 divinus
1771 4192 2058 4260 apostolus

475 4277 709 4340 docens,
783 4285 1036 4346 oportere
1093 4294 1110 4327 ι
1150 4276 1468 4346 episeOpnm
1524 4279 2054 4348 irreprehensibilem

476 4382 619 4432 esse,
654 4365 1000 4436 prudentem,
1020 4367 1302 4432 ornatum,
1322 4368 1632 4436 doctorem,
1655 4373 2053 4439 continentem,

477 4455 748 4520 sobrium,
783 4455 1204 4524 amplectentem
1237 4471 1362 4510 eum
1395 4459 1488 4526 qui
1516 4462 1818 4516 secundum
1853 4463 2058 4518 doctri-

2161 3270 2535 3340 πιπράσκεται
2572 3285 2587 3300 ⁸
2629 3267 2898 3338 πρόδηλον
2957 3269 3068 3340 γὰρ
3125 3267 3384 3338 οὐδαμῶς
3428 3281 3442 3295 ·
3505 3269 3740 3340 ἀναμφι-

2159 3362 2366 3425 λέκτως
2391 3362 2492 3415 οὐκ
2519 3361 2667 3415 ἔστιν
2693 3364 2751 3414 ἐν
2766 3361 2954 3423 αὐτοῖς
2983 3363 3016 3430 ἡ
3045 3361 3209 3431 χὰρις
3242 3361 3338 3414 τοῦ
3369 3361 3532 3430 ἁγίου
3573 3360 3740 3439 Πνεῦ-

2162 3458 2352 3526 μὰτος,
2389 3454 2566 3508 είτουν
2590 3455 2623 3524 ἡ
2654 3452 2753 3524 τῆς
2781 3453 3084 3524 ἱερωσύνης
3129 3454 3405 3522 ἀγιστεία.
3449 3456 3565 3508 Καὶ
3591 3454 3620 3508 δ
3647 3453 3742 3508 οὐκ

2159 3547 2374 3614 ἔλαϐον,
2405 3547 2530 3601 οὐδὲ
2557 3545 2763 3617 ἔχουσι.
2788 3545 3212 3617 Μνησθήτωσαν
3230 3544 3324 3598 τοῦ
3350 3545 3512 3614 ἁγίου
3536 3546 3739 3618 Πέτρου

2161 3639 2299 3710 πρὸς
2343 3639 2439 3694 τδν
2496 3639 2658 3692 τοῦτο
2716 3637 3153 3708 ἐπιτηδεύσαντα
3215 3637 3414 3692 οὑτωσὶ
3467 3638 3736 3708 λέγοντος,

2165 3749 2185 3784 ι
2209 3727 2328 3786 Οὐκ
2347 3729 2466 3784 ἔστι
2498 3747 2582 3784 σοι
2627 3729 2810 3802 μερὶς,
2842 3729 2966 3783 οὐδὲ
3011 3728 3218 3800 κλῆρος
3245 3731 3306 3786 ὲν
3333 3729 3412 3801 τῷ
3430 3729 3578 3803 λόγῳ
3620 3729 3738 3785 τού·

2157 3837 2258 3892 τῳ.
2289 3839 2308 3872 ι
2341 3821 2405 3874 Εἱ
2439 3819 2548 3890 γὰρ
2581 3818 2984 3888 ἁπεμπολεὶται
3008 3819 3042 3887 η
3068 3817 3168 3886 τῆς
3235 3817 3544 3888 ἱερωσύνης
3595 3815 3738 3882 ἀξία,

2159 3911 2268 3982 ἄρα
2311 3910 2542 3982 περιττὴ
2593 3911 2726 3982 παρ’
2771 3911 2956 3972 αὐτοῖς
2985 3911 3019 3974 ἡ
3061 3909 3204 3962 κατά
3253 3908 3348 3982 τὸν
3395 3907 3517 3978 βίον
3568 3907 3738 3978 σεμνὴ

2159 4003 2429 4069 πολιτεία,
2459 4005 2556 4056 καὶ
2587 4005 2702 4074 ήέν
2722 4001 2918 4072 ἁγνείᾳ.
2973 4003 3068 4055 καὶ
3125 4003 3354 4070 ἀρεταῖς
3398 4003 3736 4074 ἀναστροφή.

2158 4095 2420 4164 Περιττὸς
2442 4095 2564 4148 κατ’
2602 4095 2800 4157 αὐτοὺς
2833 4093 2930 4146 καὶ
2979 4090 3190 4155 Παῦλος
3219 4093 3248 4144 ό
3277 4092 3420 4157 θεῖος
3441 4093 3738 4154 ἀπόστολος

2157 4187 2446 4247 διδάσκων,
2497 4187 2610 4239 δεῖν
2653 4205 2672 4237 ι
2710 4185 2806 4264 τὴν
2826 4185 3131 4238 ἐπίσκοπον
3152 4184 3522 4254 ἀνεπίληπτον
3579 4179 3736 4248 eum,

2161 4279 2435 4348 σώφρονα,
2463 4279 2711 4349 κόσμιον,
2757 4277 3094 4340 διδακτικὺν,
3127 4275 3393 4347 ἐγκρατῆ,
3453 4275 3734 4346 νηφάλιον,

2157 4369 2517 4444 ἀντεχόμενον
2543 4370 2638 4425 τοῦ
2661 4370 2802 4424 κατά
2825 4372 2923 4438 τὴν
2946 4367 3174 4440 διδαχὴν
3207 4369 3406 4422 πιστοῦ
3435 4369 3623 4438 λόγου,
3652 4367 3735 4420 ἵνα

2157 4464 2381 4528 δυνατὸς
2469 4463 2565 4516 καὶ
2621 4461 2964 4532 παρακαλεῖν
2998 4462 3056 4513 ὲν
3097 4464 3166 4531 τῇ
3201 4459 3526 4530 ὑγιαινούσῃ
3587 4459 3734 4512 διδα-

477 4561 604 4602 nam
643 4555 728 4602 est
751 4547 963 4602 lidelem
993 4561 1328 4612 sermonem,
1353 4561 1410 4602 ut
1443 4560 1638 4618 potens
1659 4553 1730 4607 sit
1765 4552 2051 4611 exhortari

2166 4555 2380 4626 σκαλίᾳ,
2435 4559 2530 4608 καὶ
2584 4555 2714 4616 τοὺς
2747 4553 3129 4622 ἀντιλέγοντας
3173 4551 3436 4622 ἐλέγχειν.
3470 4571 3489 4604 ι
3519 4552 3734 4622 Οἴχεται

476 4639 532 4693 in
562 4638 816 4694 doctrina
854 4653 1011 4704 sana,
1038 4647 1092 4694 et
1134 4653 1230 4695 eos
1285 4642 1380 4710 qui
1427 4645 1810 4700 ceritradicunt
1856 4663 2058 4718 argue-

476 4747 537 4786 re
555 4734 600 4768 ”
627 4771 643 4786 .
667 4752 688 4786 ι
718 4730 1084 4789 Proferuntur
1119 4731 1514 4808 [Evanescunt]
1562 4736 1728 4808 igitur
1762 4737 1880 4795 haec
1936 4757 2056 4797 om-

476 4825 567 4880 nia
600 4825 669 4880 de
719 4827 1002 4882 venditore
1029 4843 1093 4884 ac
1115 4844 1366 4900 emptore
1397 4832 1649 4888 beneﬁcii
1686 4831 2054 4909 [sacerdotii].

475 4913 648 4971 Porro
675 4917 922 4988 subjecta
951 4930 1272 4976 sanctorum
1307 4922 1625 4979 testimonia
1655 4926 1894 4982 alienum
1935 4944 2056 4982 om-

475 5009 608 5065 nino
655 5024 684 5062 a
715 5010 1022 5066 sacerdotio
1045 5015 1401 5082 pronuntiant
1425 5031 1551 5070 cum
1578 5017 1673 5088 qui
1695 5019 1904 5074 dederit
1949 5021 2055 5076 ali-

473 5100 696 5170 quando
728 5101 807 5154 vel
843 5104 1115 5172 acceperit
1139 5105 1192 5158 in
1221 5105 1409 5175 aliquo
1438 5116 1705 5178 tempore,
1744 5109 1859 5166 sive
1899 5113 2054 5166 scili-

474 5203 562 5244 cet
590 5200 718 5246 ante
747 5194 1414 5266 manus‘impositionem,
1447 5199 1564 5254 sive
1587 5199 1640 5253 in
1695 5205 1890 5258 tnanus
1949 5205 2055 5258 im-

475 5282 765 5349 positione,
832 5285 948 5340 sive
983 5296 1106 5356 post
1143 5302 1344 5345 manus
1398 5291 1825 5360 impositionem.
1885 5295 2051 5350 Aeci-

475 5386 603 5441 pere
653 5384 740 5428 est
787 5377 958 5443 enim,
1035 5381 1285 5450 accipere
1347 5385 1810 5456 quandocunque.
1871 5387 1976 5443 Sed
1999 5397 2052 5444 et

475 5472 670 5515 omnes
701 5469 1074 5530 promotiones
1111 5471 1517 5529 ecclesiasticas
1557 5474 1814 5531 auferunt
1867 5477 1920 5530 in
1965 5478 2056 5534 da-

475 5553 626 5608 tiohe
655 5559 1032 5625 pecuniarum.

541 5821 589 5856 "
618 5823 636 5876 1
663 5821 794 5892 Reg.
833 5841 895 5893 tt,
923 5826 1014 5881 30.
1090 5830 1134 5862 ³⁷
1165 5829 1300 5884 Luc.
1340 5846 1402 5898 ll,
1432 5833 1517 5888 15.
1595 5835 1640 5868 ’³
1669 5837 1788 5891 Act.
1823 5854 1945 5905 vni,
1981 5839 2074 5891 ει.

2154 4645 2332 4696 τοίνυν
2379 4641 2550 4695 ταῦτα
2603 4641 2782 4694 πάντα
2806 4643 2870 4694 ὲκ
2899 4641 2994 4694 τοῦ
3026 4643 3232 4712 πράτου
3268 4643 3364 4696 καὶ
3424 4637 3732 4711 ἁγοραστοῦ

2155 4739 2254 4806 τῆς
2281 4733 2583 4806 ἱερωσύνης
2601 4751 2612 4765 ·
2641 4735 2700 4786 αἱ
2721 4730 2814 4786 οὖν
2849 4733 3216 4805 ὑποκείμεναι
3257 4733 3578 4802 ἀγιόλεκτοι
3598 4731 3733 4804 χρή·-

2155 4847 2269 4894 σεις
2302 4829 2584 4900 ἀλλότριον
2639 4827 2820 4896 πάντη
2849 4827 2950 4898 τῆς
2981 4827 3285 4899 ἱερωσύνης
3337 4827 3731 4897 ἀποφαίνονται

2151 4923 2246 4975 τόν
2277 4939 2407 4976 ποτε
2435 4923 2594 4976 δόντα
2625 4921 2659 4992 ἢ
2693 4920 2932 4974 λαδόντα
2953 4921 3012 4972 ὲν
3035 4920 3336 4991 οἱῳδήποτε
3393 4920 3600 4991 χρόνῳ,
3623 4912 3748 4970 εἴτε

2153 5015 2252 5069 καὶ
2273 5014 2380 5084 πρὸ
2399 5013 2498 5082 τῆς
2528 5011 2881 5084 χειροτονίας,
2932 5013 3044 5064 εἴτε
3090 5012 3183 5065 καὶ
3213 5013 3274 5064 ἐν
3300 5013 3367 5082 τῇ
3400 5010 3730 5082 χειροτονίᾳ,

2151 5105 2185 5174 ἦ
2237 5104 2331 5157 καὶ
2383 5103 2524 5174 μετά
2567 5103 2669 5173 τὴν
2727 5101 3088 5172 χειροτονίαν.
3163 5101 3366 5154 Λαϐεἶν
3415 5101 3526 5170 γάρ
3575 5101 3730 5163 ἐστι,

2149 5199 2212 5252 τὸ
2237 5198 2426 5252 λαϐεῖν
2480 5197 2794 5268 ὅτεδήποτε.
2835 5195 2994 5250 Ἀλλὰ
3048 5195 3144 5250 καὶ
3199 5194 3384 5258 πάσας
3435 5192 3729 5273 ἐκκλησια-

2153 5289 2344 5354 στικάς
2391 5289 2663 5361 προϐολὰς
2685 5287 3011 5360 ἀφαιροῦσιν
3061 5288 3155 5341 ἐπὶ
3195 5289 3261 5358 τῇ
3291 5287 3402 5341 τῶν
3429 5284 3730 5359 χρημάτων

2150 5383 2316 5438 δόσει.

2155 5841 2199 5872 ²⁹
2233 5839 2250 5893 Ι
2280 5839 2425 5894 Tim.
2455 5855 2537 5906 ιιι,
2568 5841 2601 5891 ‘2
2639 5857 2652 5902 ;
2684 5835 2794 5892 Tit.
2831 5851 2866 5904 ι,
2899 5839 2949 5894 8.
