  <div class='ocr_page' id='page_1' title='image "/cluster/home/n/w/nwhite01/storage/ocr_20150623/98/coo.31924054870021/732.png"; bbox 0 0 4026 6418; ppageno 0'>
   <div class='ocr_carea' id='block_1_1' title="bbox 272 420 411 485">
    <p class='ocr_par' dir='ltr' id='par_1_1' title="bbox 272 420 411 485">
     <span class='ocr_line' id='line_1_1' title="bbox 272 420 411 485; baseline -0.029 0"><span class='ocrx_word' id='word_1_1' title='bbox 272 420 411 485; x_wconf 74' lang='lat' dir='ltr'><strong>ms</strong></span> 
     </span>
    </p>
   </div>
   <div class='ocr_carea' id='block_1_2' title="bbox 329 615 1845 705">
    <p class='ocr_par' dir='ltr' id='par_1_2' title="bbox 329 615 1845 705">
     <span class='ocr_line' id='line_1_2' title="bbox 329 615 1845 705; baseline -0.006 -28"><span class='ocrx_word' id='word_1_2' title='bbox 329 624 405 677; x_wconf 56' lang='grc' dir='ltr'><strong>νεῖ</strong></span> <span class='ocrx_word' id='word_1_3' title='bbox 427 638 511 685; x_wconf 83' lang='grc' dir='ltr'><strong>τις</strong></span> <span class='ocrx_word' id='word_1_4' title='bbox 562 620 861 680; x_wconf 73' lang='grc' dir='ltr'><strong>ἐπίσκοπος</strong></span> <span class='ocrx_word' id='word_1_5' title='bbox 908 618 1001 673; x_wconf 81' lang='grc' dir='ltr'><strong>διὰ</strong></span> <span class='ocrx_word' id='word_1_6' title='bbox 1048 617 1349 705; x_wconf 80' lang='grc' dir='ltr'><strong>χρημάτων</strong></span> <span class='ocrx_word' id='word_1_7' title='bbox 1397 617 1497 681; x_wconf 77' lang='grc' dir='ltr'><strong>τῆς</strong></span> <span class='ocrx_word' id='word_1_8' title='bbox 1531 615 1687 681; x_wconf 77' lang='grc' dir='ltr'><strong>ἀξίας</strong></span> <span class='ocrx_word' id='word_1_9' title='bbox 1719 615 1845 670; x_wconf 86' lang='grc' dir='ltr'><strong>ταύ-</strong></span> 
     </span>
    </p>
   </div>
   <div class='ocr_carea' id='block_1_3' title="bbox 262 710 1843 785">
    <p class='ocr_par' dir='ltr' id='par_1_3' title="bbox 262 710 1843 785">
     <span class='ocr_line' id='line_1_3' title="bbox 262 710 1843 785; baseline -0.006 -15"><span class='ocrx_word' id='word_1_10' title='bbox 262 734 367 785; x_wconf 86' lang='grc' dir='ltr'><strong>της</strong></span> <span class='ocrx_word' id='word_1_11' title='bbox 414 715 699 785; x_wconf 78' lang='grc' dir='ltr'><strong>ἐγκρατὴς</strong></span> <span class='ocrx_word' id='word_1_12' title='bbox 755 712 1005 784; x_wconf 85' lang='grc' dir='ltr'><strong>γένηται,</strong></span> <span class='ocrx_word' id='word_1_13' title='bbox 1036 712 1071 782; x_wconf 78' lang='grc' dir='ltr'>ἢ</span> <span class='ocrx_word' id='word_1_14' title='bbox 1096 710 1497 782; x_wconf 84' lang='grc' dir='ltr'><strong>πρεσϐύτερος,</strong></span> <span class='ocrx_word' id='word_1_15' title='bbox 1518 710 1553 780; x_wconf 78' lang='grc' dir='ltr'><strong>ἢ</strong></span> <span class='ocrx_word' id='word_1_16' title='bbox 1575 711 1843 785; x_wconf 82' lang='grc' dir='ltr'><strong>διάκονος,</strong></span> 
     </span>
    </p>
   </div>
   <div class='ocr_carea' id='block_1_4' title="bbox 269 780 1846 878">
    <p class='ocr_par' dir='ltr' id='par_1_4' title="bbox 269 780 1846 878">
     <span class='ocr_line' id='line_1_4' title="bbox 269 780 1846 878; baseline -0.006 -15"><span class='ocrx_word' id='word_1_17' title='bbox 269 780 635 878; x_wconf 77' lang='grc' dir='ltr'><strong>καθαιρείσθω</strong></span> <span class='ocrx_word' id='word_1_18' title='bbox 653 780 762 859; x_wconf 24' lang='grc' dir='ltr'><strong>*καὶ</strong></span> <span class='ocrx_word' id='word_1_19' title='bbox 794 780 957 868; x_wconf 77' lang='grc' dir='ltr'><strong>αὐτὸς</strong></span> <span class='ocrx_word' id='word_1_20' title='bbox 992 780 1087 861; x_wconf 74' lang='grc' dir='ltr'><strong>καὶ</strong></span> <span class='ocrx_word' id='word_1_21' title='bbox 1178 780 1594 874; x_wconf 80' lang='grc' dir='ltr'><strong>χειροτονήσας’</strong></span> <span class='ocrx_word' id='word_1_22' title='bbox 1637 780 1732 855; x_wconf 31' lang='grc' dir='ltr'><strong>κχαὶ⁸</strong></span> <span class='ocrx_word' id='word_1_23' title='bbox 1752 801 1846 853; x_wconf 84' lang='grc' dir='ltr'><strong>ὲκ-</strong></span> 
     </span>
    </p>
   </div>
   <div class='ocr_carea' id='block_1_5' title="bbox 1708 376 2119 472">
    <p class='ocr_par' dir='ltr' id='par_1_5' title="bbox 1708 376 2119 472">
     <span class='ocr_line' id='line_1_5' title="bbox 1708 376 2119 472; baseline -0.01 -2"><span class='ocrx_word' id='word_1_24' title='bbox 1708 376 2119 472; x_wconf 66' lang='lat' dir='ltr'><strong>Eptsrom.</strong></span> 
     </span>
    </p>
   </div>
   <div class='ocr_carea' id='block_1_6' title="bbox 513 521 1919 598">
    <p class='ocr_par' dir='ltr' id='par_1_6' title="bbox 513 521 1919 598">
     <span class='ocr_line' id='line_1_6' title="bbox 513 521 1919 598; baseline -0.002 -14"><span class='ocrx_word' id='word_1_25' title='bbox 513 528 726 585; x_wconf 74' lang='grc' dir='ltr'><em>Κανὼν</em></span> <span class='ocrx_word' id='word_1_26' title='bbox 748 526 866 582; x_wconf 77' lang='grc' dir='ltr'><strong>τῶν</strong></span> <span class='ocrx_word' id='word_1_27' title='bbox 887 526 1073 598; x_wconf 77' lang='grc' dir='ltr'><strong>ἁγίων</strong></span> <span class='ocrx_word' id='word_1_28' title='bbox 1093 525 1458 581; x_wconf 76' lang='grc' dir='ltr'><strong>ἀποστόλων</strong></span> <span class='ocrx_word' id='word_1_29' title='bbox 1497 521 1611 580; x_wconf 63' lang='grc' dir='ltr'><strong>κθ.ν</strong></span> <span class='ocrx_word' id='word_1_30' title='bbox 1874 533 1919 581; x_wconf 77' lang='grc' dir='ltr'><strong>Δ</strong></span> 
     </span>
    </p>
   </div>
   <div class='ocr_carea' id='block_1_7' title="bbox 3393 405 3531 470">
    <p class='ocr_par' dir='ltr' id='par_1_7' title="bbox 3393 405 3531 470">
     <span class='ocr_line' id='line_1_7' title="bbox 3393 405 3531 470; baseline 0.022 -3"><span class='ocrx_word' id='word_1_31' title='bbox 3393 405 3531 470; x_wconf 78' lang='grc'><strong>1446</strong></span> 
     </span>
    </p>
   </div>
   <div class='ocr_carea' id='block_1_8' title="bbox 2208 516 3259 585">
    <p class='ocr_par' dir='ltr' id='par_1_8' title="bbox 2208 516 3259 585">
     <span class='ocr_line' id='line_1_8' title="bbox 2208 516 3259 585; baseline 0 -12"><span class='ocrx_word' id='word_1_32' title='bbox 2208 518 2394 573; x_wconf 84' lang='lat' dir='ltr'><strong>Canon</strong></span> <span class='ocrx_word' id='word_1_33' title='bbox 2426 525 2730 572; x_wconf 78' lang='lat' dir='ltr'><strong>sanctorum</strong></span> <span class='ocrx_word' id='word_1_34' title='bbox 2782 516 3145 585; x_wconf 76' lang='lat' dir='ltr'><strong>apostolorum</strong></span> <span class='ocrx_word' id='word_1_35' title='bbox 3169 517 3259 573; x_wconf 66' lang='lat'><strong>29.</strong></span> 
     </span>
    </p>
   </div>
   <div class='ocr_carea' id='block_1_9' title="bbox 2020 607 3535 681">
    <p class='ocr_par' dir='ltr' id='par_1_9' title="bbox 2020 607 3535 681">
     <span class='ocr_line' id='line_1_9' title="bbox 2020 607 3535 681; baseline 0 -18"><span class='ocrx_word' id='word_1_36' title='bbox 2020 608 2077 663; x_wconf 91' lang='lat' dir='ltr'><strong>Si</strong></span> <span class='ocrx_word' id='word_1_37' title='bbox 2102 607 2223 679; x_wconf 85' lang='lat' dir='ltr'><strong>quis</strong></span> <span class='ocrx_word' id='word_1_38' title='bbox 2248 610 2563 679; x_wconf 88' lang='lat' dir='ltr'><strong>episcopus,</strong></span> <span class='ocrx_word' id='word_1_39' title='bbox 2590 617 2681 662; x_wconf 87' lang='lat' dir='ltr'><strong>aut</strong></span> <span class='ocrx_word' id='word_1_40' title='bbox 2708 607 3011 679; x_wconf 83' lang='lat' dir='ltr'><strong>presbyter,</strong></span> <span class='ocrx_word' id='word_1_41' title='bbox 3031 618 3124 663; x_wconf 90' lang='lat' dir='ltr'><strong>aut</strong></span> <span class='ocrx_word' id='word_1_42' title='bbox 3145 609 3411 666; x_wconf 80' lang='lat' dir='ltr'><strong>diaconus</strong></span> <span class='ocrx_word' id='word_1_43' title='bbox 3432 626 3535 681; x_wconf 81' lang='lat' dir='ltr'><strong>per</strong></span> 
     </span>
    </p>
   </div>
   <div class='ocr_carea' id='block_1_10' title="bbox 1947 698 3531 772">
    <p class='ocr_par' dir='ltr' id='par_1_10' title="bbox 1947 698 3531 772">
     <span class='ocr_line' id='line_1_10' title="bbox 1947 698 3531 772; baseline 0.003 -20"><span class='ocrx_word' id='word_1_44' title='bbox 1947 703 2210 772; x_wconf 72' lang='lat' dir='ltr'><strong>pecunias</strong></span> <span class='ocrx_word' id='word_1_45' title='bbox 2260 702 2401 757; x_wconf 90' lang='lat' dir='ltr'><strong>hanc</strong></span> <span class='ocrx_word' id='word_1_46' title='bbox 2447 699 2748 756; x_wconf 90' lang='lat' dir='ltr'><strong>obtinuerit</strong></span> <span class='ocrx_word' id='word_1_47' title='bbox 2770 698 3116 770; x_wconf 86' lang='lat' dir='ltr'><strong>dignitatem,</strong></span> <span class='ocrx_word' id='word_1_48' title='bbox 3152 701 3443 771; x_wconf 73' lang='lat' dir='ltr'><strong>deiiciatur</strong></span> <span class='ocrx_word' id='word_1_49' title='bbox 3476 713 3531 756; x_wconf 79' lang='lat' dir='ltr'><strong>ct</strong></span> 
     </span>
    </p>
   </div>
   <div class='ocr_carea' id='block_1_11' title="bbox 1948 793 3530 866">
    <p class='ocr_par' dir='ltr' id='par_1_11' title="bbox 1948 793 3530 866">
     <span class='ocr_line' id='line_1_11' title="bbox 1948 793 3530 866; baseline -0.002 -17"><span class='ocrx_word' id='word_1_50' title='bbox 1948 795 2069 866; x_wconf 86' lang='lat' dir='ltr'><strong>ipse</strong></span> <span class='ocrx_word' id='word_1_51' title='bbox 2094 803 2148 849; x_wconf 88' lang='lat' dir='ltr'><strong>et</strong></span> <span class='ocrx_word' id='word_1_52' title='bbox 2169 794 2454 849; x_wconf 83' lang='lat' dir='ltr'><strong>ordinatur</strong></span> <span class='ocrx_word' id='word_1_53' title='bbox 2470 793 2613 863; x_wconf 86' lang='lat' dir='ltr'><strong>ejus,</strong></span> <span class='ocrx_word' id='word_1_54' title='bbox 2639 801 2693 846; x_wconf 92' lang='lat' dir='ltr'><strong>et</strong></span> <span class='ocrx_word' id='word_1_55' title='bbox 2713 807 2743 845; x_wconf 89' lang='lat' dir='ltr'><strong>a</strong></span> <span class='ocrx_word' id='word_1_56' title='bbox 2777 794 3165 848; x_wconf 87' lang='lat' dir='ltr'><strong>communione</strong></span> <span class='ocrx_word' id='word_1_57' title='bbox 3195 794 3375 850; x_wconf 87' lang='lat' dir='ltr'><strong>modis</strong></span> <span class='ocrx_word' id='word_1_58' title='bbox 3409 810 3530 851; x_wconf 83' lang='lat' dir='ltr'><strong>om-</strong></span> 
     </span>
    </p>
   </div>
   <div class='ocr_carea' id='block_1_12' title="bbox 270 880 1866 964">
    <p class='ocr_par' dir='ltr' id='par_1_12' title="bbox 270 890 1848 964">
     <span class='ocr_line' id='line_1_12' title="bbox 270 890 1848 964; baseline -0.006 -12"><span class='ocrx_word' id='word_1_59' title='bbox 270 896 551 952; x_wconf 83' lang='grc' dir='ltr'><strong>κοπτέσθω</strong></span> <span class='ocrx_word' id='word_1_60' title='bbox 579 896 899 950; x_wconf 83' lang='grc' dir='ltr'><strong>παντάπασι</strong></span> <span class='ocrx_word' id='word_1_61' title='bbox 948 893 1043 947; x_wconf 77' lang='grc' dir='ltr'><strong>καὶ</strong></span> <span class='ocrx_word' id='word_1_62' title='bbox 1070 893 1170 964; x_wconf 81' lang='grc' dir='ltr'><strong>τῆς</strong></span> <span class='ocrx_word' id='word_1_63' title='bbox 1216 892 1525 958; x_wconf 79' lang='grc' dir='ltr'><strong>κοινωνίας,</strong></span> <span class='ocrx_word' id='word_1_64' title='bbox 1556 890 1633 955; x_wconf 78' lang='grc' dir='ltr'><strong>ὡς</strong></span> <span class='ocrx_word' id='word_1_65' title='bbox 1663 891 1848 960; x_wconf 87' lang='grc' dir='ltr'><strong>Σίμων</strong></span> 
     </span>
    </p>
   </div>
   <div class='ocr_carea' id='block_1_13' title="bbox 1973 880 3530 964">
    <p class='ocr_par' dir='ltr' id='par_1_13' title="bbox 1973 880 3530 956">
     <span class='ocr_line' id='line_1_13' title="bbox 1973 880 3530 956; baseline -0.001 -16"><span class='ocrx_word' id='word_1_66' title='bbox 1973 885 2112 953; x_wconf 80' lang='lat' dir='ltr'><strong>tibus</strong></span> <span class='ocrx_word' id='word_1_67' title='bbox 2135 884 2683 949; x_wconf 78' lang='lat' dir='ltr'><strong>abscindatur,sient</strong></span> <span class='ocrx_word' id='word_1_68' title='bbox 2710 880 2901 938; x_wconf 87' lang='lat' dir='ltr'><strong>Simon</strong></span> <span class='ocrx_word' id='word_1_69' title='bbox 2938 883 3131 956; x_wconf 80' lang='lat' dir='ltr'><strong>Magos</strong></span> <span class='ocrx_word' id='word_1_70' title='bbox 3165 900 3197 940; x_wconf 90' lang='lat' dir='ltr'><strong>a</strong></span> <span class='ocrx_word' id='word_1_71' title='bbox 3228 901 3316 941; x_wconf 90' lang='lat' dir='ltr'><strong>me</strong></span> <span class='ocrx_word' id='word_1_72' title='bbox 3344 884 3530 942; x_wconf 88' lang='lat' dir='ltr'><strong>Petro.</strong></span> 
     </span>
    </p>
   </div>
   <div class='ocr_carea' id='block_1_14' title="bbox 267 986 1043 1060">
    <p class='ocr_par' dir='ltr' id='par_1_14' title="bbox 267 986 1043 1060">
     <span class='ocr_line' id='line_1_14' title="bbox 267 986 1043 1060; baseline -0.006 -15"><span class='ocrx_word' id='word_1_73' title='bbox 267 994 296 1044; x_wconf 98' lang='lat'><strong>6</strong></span> <span class='ocrx_word' id='word_1_74' title='bbox 325 989 497 1060; x_wconf 79' lang='grc' dir='ltr'><strong>μάγος</strong></span> <span class='ocrx_word' id='word_1_75' title='bbox 530 986 776 1054; x_wconf 79' lang='grc' dir='ltr'><strong>ὑπ’ἐμοῦ</strong></span> <span class='ocrx_word' id='word_1_76' title='bbox 808 986 1043 1059; x_wconf 83' lang='grc' dir='ltr'><strong>Πέτρου.</strong></span> 
     </span>
    </p>
   </div>
   <div class='ocr_carea' id='block_1_15' title="bbox 399 1075 1709 1146">
    <p class='ocr_par' dir='ltr' id='par_1_15' title="bbox 399 1075 1709 1146">
     <span class='ocr_line' id='line_1_15' title="bbox 399 1075 1709 1146; baseline -0.002 -13"><span class='ocrx_word' id='word_1_77' title='bbox 399 1082 513 1134; x_wconf 65' lang='grc' dir='ltr'><strong>Ἐθο</strong></span> <span class='ocrx_word' id='word_1_78' title='bbox 532 1078 651 1131; x_wconf 79' lang='grc' dir='ltr'><strong>τῶν</strong></span> <span class='ocrx_word' id='word_1_79' title='bbox 670 1076 958 1145; x_wconf 71' lang='grc' dir='ltr'><strong>Πράξεων</strong></span> <span class='ocrx_word' id='word_1_80' title='bbox 976 1075 1100 1130; x_wconf 84' lang='grc' dir='ltr'><strong>τῶν</strong></span> <span class='ocrx_word' id='word_1_81' title='bbox 1117 1076 1302 1146; x_wconf 77' lang='grc' dir='ltr'><strong>ἁγίων</strong></span> <span class='ocrx_word' id='word_1_82' title='bbox 1326 1076 1709 1131; x_wconf 76' lang='grc' dir='ltr'><strong>ἀποστόλων.</strong></span> 
     </span>
    </p>
   </div>
   <div class='ocr_carea' id='block_1_16' title="bbox 345 1165 1849 1237">
    <p class='ocr_par' dir='ltr' id='par_1_16' title="bbox 345 1165 1849 1237">
     <span class='ocr_line' id='line_1_16' title="bbox 345 1165 1849 1237; baseline -0.001 -16"><span class='ocrx_word' id='word_1_83' title='bbox 345 1184 377 1220; x_wconf 57' lang='grc' dir='ltr'><strong>ι⁴</strong></span> <span class='ocrx_word' id='word_1_84' title='bbox 400 1167 547 1221; x_wconf 82' lang='grc' dir='ltr'><strong>Ίὸὼν</strong></span> <span class='ocrx_word' id='word_1_85' title='bbox 574 1168 633 1220; x_wconf 76' lang='grc' dir='ltr'><strong>δὲ</strong></span> <span class='ocrx_word' id='word_1_86' title='bbox 656 1167 685 1218; x_wconf 92' lang='lat'><strong>6</strong></span> <span class='ocrx_word' id='word_1_87' title='bbox 715 1167 922 1236; x_wconf 85' lang='grc' dir='ltr'><strong>Σίμων,</strong></span> <span class='ocrx_word' id='word_1_88' title='bbox 980 1166 1063 1219; x_wconf 82' lang='grc' dir='ltr'><strong>ὅτι</strong></span> <span class='ocrx_word' id='word_1_89' title='bbox 1119 1165 1210 1219; x_wconf 79' lang='grc' dir='ltr'><strong>διὰ</strong></span> <span class='ocrx_word' id='word_1_90' title='bbox 1258 1168 1358 1237; x_wconf 82' lang='grc' dir='ltr'><strong>τῆς</strong></span> <span class='ocrx_word' id='word_1_91' title='bbox 1404 1166 1708 1230; x_wconf 82' lang='grc' dir='ltr'><strong>ἐπιθέσεως</strong></span> <span class='ocrx_word' id='word_1_92' title='bbox 1738 1165 1849 1220; x_wconf 82' lang='grc' dir='ltr'><strong>τῶν</strong></span> 
     </span>
    </p>
   </div>
   <div class='ocr_carea' id='block_1_17' title="bbox 270 1256 1849 1334">
    <p class='ocr_par' dir='ltr' id='par_1_17' title="bbox 270 1256 1849 1334">
     <span class='ocr_line' id='line_1_17' title="bbox 270 1256 1849 1334; baseline -0.003 -19"><span class='ocrx_word' id='word_1_93' title='bbox 270 1261 477 1334; x_wconf 82' lang='grc' dir='ltr'><strong>χειρῶν</strong></span> <span class='ocrx_word' id='word_1_94' title='bbox 513 1259 625 1312; x_wconf 82' lang='grc' dir='ltr'><strong>τῶν</strong></span> <span class='ocrx_word' id='word_1_95' title='bbox 673 1258 993 1312; x_wconf 80' lang='grc' dir='ltr'><strong>ἀποστόλων</strong></span> <span class='ocrx_word' id='word_1_96' title='bbox 1014 1257 1219 1311; x_wconf 76' lang='grc' dir='ltr'><strong>δίδοται</strong></span> <span class='ocrx_word' id='word_1_97' title='bbox 1246 1258 1308 1311; x_wconf 79' lang='grc' dir='ltr'><strong>τὸ</strong></span> <span class='ocrx_word' id='word_1_98' title='bbox 1321 1256 1555 1328; x_wconf 79' lang='grc' dir='ltr'><strong>Πνεῦμα</strong></span> <span class='ocrx_word' id='word_1_99' title='bbox 1582 1257 1645 1312; x_wconf 84' lang='grc' dir='ltr'><strong>τὸ</strong></span> <span class='ocrx_word' id='word_1_100' title='bbox 1670 1257 1849 1328; x_wconf 70' lang='grc' dir='ltr'><strong>ἅγιον,</strong></span> 
     </span>
    </p>
   </div>
   <div class='ocr_carea' id='block_1_18' title="bbox 2346 1066 3122 1136">
    <p class='ocr_par' dir='ltr' id='par_1_18' title="bbox 2346 1066 3122 1136">
     <span class='ocr_line' id='line_1_18' title="bbox 2346 1066 3122 1136; baseline 0.005 -20"><span class='ocrx_word' id='word_1_101' title='bbox 2346 1066 2433 1119; x_wconf 83' lang='lat' dir='ltr'><strong>.De</strong></span> <span class='ocrx_word' id='word_1_102' title='bbox 2472 1066 2692 1119; x_wconf 78' lang='lat' dir='ltr'><strong>Actibus</strong></span> <span class='ocrx_word' id='word_1_103' title='bbox 2736 1067 3122 1136; x_wconf 78' lang='lat' dir='ltr'><strong>apostolorum.</strong></span> 
     </span>
    </p>
   </div>
   <div class='ocr_carea' id='block_1_19' title="bbox 2033 1155 3536 1231">
    <p class='ocr_par' dir='ltr' id='par_1_19' title="bbox 2033 1155 3536 1231">
     <span class='ocr_line' id='line_1_19' title="bbox 2033 1155 3536 1231; baseline 0.002 -21"><span class='ocrx_word' id='word_1_104' title='bbox 2033 1175 2054 1209; x_wconf 77' lang='grc' dir='ltr'><strong>ι</strong></span> <span class='ocrx_word' id='word_1_105' title='bbox 2082 1155 2225 1211; x_wconf 89' lang='lat' dir='ltr'><strong>Cum</strong></span> <span class='ocrx_word' id='word_1_106' title='bbox 2257 1157 2488 1213; x_wconf 87' lang='lat' dir='ltr'><strong>vidisset</strong></span> <span class='ocrx_word' id='word_1_107' title='bbox 2517 1166 2698 1211; x_wconf 86' lang='lat' dir='ltr'><strong>autem</strong></span> <span class='ocrx_word' id='word_1_108' title='bbox 2738 1156 2951 1223; x_wconf 87' lang='lat' dir='ltr'><strong>Simon,</strong></span> <span class='ocrx_word' id='word_1_109' title='bbox 2998 1160 3128 1229; x_wconf 83' lang='lat' dir='ltr'><strong>quia</strong></span> <span class='ocrx_word' id='word_1_110' title='bbox 3165 1173 3263 1229; x_wconf 89' lang='lat' dir='ltr'><strong>per</strong></span> <span class='ocrx_word' id='word_1_111' title='bbox 3298 1160 3536 1231; x_wconf 82' lang='lat' dir='ltr'><strong>imposi-</strong></span> 
     </span>
    </p>
   </div>
   <div class='ocr_carea' id='block_1_20' title="bbox 1954 1249 3534 1321">
    <p class='ocr_par' dir='ltr' id='par_1_20' title="bbox 1954 1249 3534 1321">
     <span class='ocr_line' id='line_1_20' title="bbox 1954 1249 3534 1321; baseline 0.003 -17"><span class='ocrx_word' id='word_1_112' title='bbox 1954 1249 2160 1305; x_wconf 86' lang='lat' dir='ltr'><strong>tionem</strong></span> <span class='ocrx_word' id='word_1_113' title='bbox 2178 1265 2376 1305; x_wconf 89' lang='lat' dir='ltr'><strong>manus</strong></span> <span class='ocrx_word' id='word_1_114' title='bbox 2392 1249 2764 1319; x_wconf 77' lang='lat' dir='ltr'><strong>apostolorum</strong></span> <span class='ocrx_word' id='word_1_115' title='bbox 2782 1251 3008 1305; x_wconf 79' lang='lat' dir='ltr'><strong>daretur</strong></span> <span class='ocrx_word' id='word_1_116' title='bbox 3026 1251 3266 1321; x_wconf 75' lang='lat' dir='ltr'><strong>Spiritus</strong></span> <span class='ocrx_word' id='word_1_117' title='bbox 3288 1260 3534 1318; x_wconf 90' lang='lat' dir='ltr'><strong>sanctus,</strong></span> 
     </span>
    </p>
   </div>
   <div class='ocr_carea' id='block_1_21' title="bbox 271 1341 1866 1425">
    <p class='ocr_par' dir='ltr' id='par_1_21' title="bbox 271 1348 1854 1425">
     <span class='ocr_line' id='line_1_21' title="bbox 271 1348 1854 1425; baseline -0.001 -20"><span class='ocrx_word' id='word_1_118' title='bbox 271 1353 648 1425; x_wconf 76' lang='grc' dir='ltr'><strong>προσήνεγκεν</strong></span> <span class='ocrx_word' id='word_1_119' title='bbox 710 1351 895 1415; x_wconf 83' lang='grc' dir='ltr'><strong>αὐτοῖς</strong></span> <span class='ocrx_word' id='word_1_120' title='bbox 936 1350 1199 1421; x_wconf 81' lang='grc' dir='ltr'><strong>χρήματα</strong></span> <span class='ocrx_word' id='word_1_121' title='bbox 1233 1388 1250 1414; x_wconf 91' lang='grc'><strong>,</strong></span> <span class='ocrx_word' id='word_1_122' title='bbox 1295 1348 1496 1418; x_wconf 88' lang='grc' dir='ltr'><strong>λέγων,</strong></span> <span class='ocrx_word' id='word_1_123' title='bbox 1542 1350 1674 1404; x_wconf 83' lang='grc' dir='ltr'><strong>Δότε</strong></span> <span class='ocrx_word' id='word_1_124' title='bbox 1748 1351 1854 1404; x_wconf 82' lang='grc' dir='ltr'><strong>κόι-</strong></span> 
     </span>
    </p>
   </div>
   <div class='ocr_carea' id='block_1_22' title="bbox 1973 1341 3540 1425">
    <p class='ocr_par' dir='ltr' id='par_1_22' title="bbox 1973 1341 3540 1413">
     <span class='ocr_line' id='line_1_22' title="bbox 1973 1341 3540 1413; baseline 0 -15"><span class='ocrx_word' id='word_1_125' title='bbox 1973 1342 2158 1398; x_wconf 81' lang='grc' dir='ltr'><strong>›ὶ)ιιιιίι</strong></span> <span class='ocrx_word' id='word_1_126' title='bbox 2183 1341 2266 1397; x_wconf 90' lang='lat' dir='ltr'><strong>eis</strong></span> <span class='ocrx_word' id='word_1_127' title='bbox 2315 1342 2633 1413; x_wconf 84' lang='lat' dir='ltr'><strong>pecuniam,</strong></span> <span class='ocrx_word' id='word_1_128' title='bbox 2667 1341 2894 1397; x_wconf 88' lang='lat' dir='ltr'><strong>dicens:</strong></span> <span class='ocrx_word' id='word_1_129' title='bbox 2928 1341 3064 1398; x_wconf 90' lang='lat' dir='ltr'><strong>Date</strong></span> <span class='ocrx_word' id='word_1_130' title='bbox 3110 1344 3172 1398; x_wconf 79' lang='lat' dir='ltr'><strong>‘et</strong></span> <span class='ocrx_word' id='word_1_131' title='bbox 3203 1344 3340 1398; x_wconf 84' lang='lat' dir='ltr'><strong>mihi</strong></span> <span class='ocrx_word' id='word_1_132' title='bbox 3395 1345 3540 1399; x_wconf 86' lang='lat' dir='ltr'><strong>hanc</strong></span> 
     </span>
    </p>
   </div>
   <div class='ocr_carea' id='block_1_23' title="bbox 272 1436 1853 1517">
    <p class='ocr_par' dir='ltr' id='par_1_23' title="bbox 272 1436 1853 1517">
     <span class='ocr_line' id='line_1_23' title="bbox 272 1436 1853 1517; baseline -0.002 -18"><span class='ocrx_word' id='word_1_133' title='bbox 272 1448 362 1517; x_wconf 74' lang='lat' dir='ltr'><strong><em>pol</em></strong></span> <span class='ocrx_word' id='word_1_134' title='bbox 400 1446 500 1516; x_wconf 79' lang='grc' dir='ltr'><strong>τὴν</strong></span> <span class='ocrx_word' id='word_1_135' title='bbox 554 1443 803 1511; x_wconf 78' lang='grc' dir='ltr'><strong>ἐξουσίαν</strong></span> <span class='ocrx_word' id='word_1_136' title='bbox 845 1442 1049 1514; x_wconf 87' lang='grc' dir='ltr'><strong>ταύτην</strong></span> <span class='ocrx_word' id='word_1_137' title='bbox 1076 1483 1092 1509; x_wconf 93' lang='grc'><strong>,</strong></span> <span class='ocrx_word' id='word_1_138' title='bbox 1143 1443 1235 1497; x_wconf 81' lang='grc' dir='ltr'><strong>ἴνα</strong></span> <span class='ocrx_word' id='word_1_139' title='bbox 1284 1436 1330 1511; x_wconf 78' lang='grc' dir='ltr'><strong>ᾧ</strong></span> <span class='ocrx_word' id='word_1_140' title='bbox 1377 1442 1472 1496; x_wconf 83' lang='grc' dir='ltr'><strong>ἐὰν</strong></span> <span class='ocrx_word' id='word_1_141' title='bbox 1527 1442 1704 1496; x_wconf 85' lang='grc' dir='ltr'><strong>ἐπιθῶ</strong></span> <span class='ocrx_word' id='word_1_142' title='bbox 1751 1443 1853 1507; x_wconf 78' lang='grc' dir='ltr'><strong>τὰς</strong></span> 
     </span>
    </p>
   </div>
   <div class='ocr_carea' id='block_1_24' title="bbox 268 1526 1853 1609">
    <p class='ocr_par' dir='ltr' id='par_1_24' title="bbox 268 1526 1853 1609">
     <span class='ocr_line' id='line_1_24' title="bbox 268 1526 1853 1609; baseline -0.001 -19"><span class='ocrx_word' id='word_1_143' title='bbox 268 1540 458 1609; x_wconf 81' lang='grc' dir='ltr'><strong>χεῖρας</strong></span> <span class='ocrx_word' id='word_1_144' title='bbox 485 1577 501 1601; x_wconf 96' lang='grc'><strong>,</strong></span> <span class='ocrx_word' id='word_1_145' title='bbox 561 1526 815 1607; x_wconf 81' lang='grc' dir='ltr'><strong>λαμϐάνῂ</strong></span> <span class='ocrx_word' id='word_1_146' title='bbox 864 1533 1091 1605; x_wconf 77' lang='grc' dir='ltr'><strong>Πνεῦμα</strong></span> <span class='ocrx_word' id='word_1_147' title='bbox 1140 1535 1319 1604; x_wconf 75' lang='grc' dir='ltr'><strong>ἅγιον.</strong></span> <span class='ocrx_word' id='word_1_148' title='bbox 1376 1535 1585 1606; x_wconf 83' lang='grc' dir='ltr'><strong>Πέτρος</strong></span> <span class='ocrx_word' id='word_1_149' title='bbox 1632 1534 1691 1589; x_wconf 83' lang='grc' dir='ltr'><strong>δὲ</strong></span> <span class='ocrx_word' id='word_1_150' title='bbox 1728 1532 1853 1589; x_wconf 74' lang='grc' dir='ltr'><strong>εἷπε</strong></span> 
     </span>
    </p>
   </div>
   <div class='ocr_carea' id='block_1_25' title="bbox 270 1626 1857 1699">
    <p class='ocr_par' dir='ltr' id='par_1_25' title="bbox 270 1626 1857 1699">
     <span class='ocr_line' id='line_1_25' title="bbox 270 1626 1857 1699; baseline 0.001 -19"><span class='ocrx_word' id='word_1_151' title='bbox 270 1629 407 1697; x_wconf 76' lang='grc' dir='ltr'><strong>πρὸς</strong></span> <span class='ocrx_word' id='word_1_152' title='bbox 437 1626 602 1681; x_wconf 79' lang='grc' dir='ltr'><strong>αὐτόν</strong></span> <span class='ocrx_word' id='word_1_153' title='bbox 622 1643 639 1660; x_wconf 79' lang='grc' dir='ltr'><strong>ο</strong></span> <span class='ocrx_word' id='word_1_154' title='bbox 672 1627 745 1680; x_wconf 85' lang='grc' dir='ltr'>Τὸ</span> <span class='ocrx_word' id='word_1_155' title='bbox 771 1626 1036 1698; x_wconf 80' lang='grc' dir='ltr'><strong>ἀργύριόν</strong></span> <span class='ocrx_word' id='word_1_156' title='bbox 1062 1643 1160 1681; x_wconf 88' lang='grc' dir='ltr'><strong>σου</strong></span> <span class='ocrx_word' id='word_1_157' title='bbox 1216 1628 1314 1682; x_wconf 86' lang='grc' dir='ltr'><strong>σὺν</strong></span> <span class='ocrx_word' id='word_1_158' title='bbox 1351 1629 1436 1681; x_wconf 78' lang='lat' dir='ltr'><strong><em>col</em></strong></span> <span class='ocrx_word' id='word_1_159' title='bbox 1478 1628 1565 1699; x_wconf 85' lang='grc' dir='ltr'><strong>είη</strong></span> <span class='ocrx_word' id='word_1_160' title='bbox 1609 1631 1691 1692; x_wconf 86' lang='grc' dir='ltr'><strong>είς</strong></span> <span class='ocrx_word' id='word_1_161' title='bbox 1751 1629 1857 1684; x_wconf 86' lang='grc' dir='ltr'><strong>ἀπ-</strong></span> 
     </span>
    </p>
   </div>
   <div class='ocr_carea' id='block_1_26' title="bbox 269 1717 1859 1792">
    <p class='ocr_par' dir='ltr' id='par_1_26' title="bbox 269 1717 1859 1792">
     <span class='ocr_line' id='line_1_26' title="bbox 269 1717 1859 1792; baseline -0.001 -18"><span class='ocrx_word' id='word_1_162' title='bbox 269 1719 491 1783; x_wconf 81' lang='grc' dir='ltr'><strong>ώλειαν,</strong></span> <span class='ocrx_word' id='word_1_163' title='bbox 551 1719 635 1773; x_wconf 75' lang='grc' dir='ltr'><strong>ὅτι</strong></span> <span class='ocrx_word' id='word_1_164' title='bbox 661 1718 761 1790; x_wconf 77' lang='grc' dir='ltr'><strong>τὴν</strong></span> <span class='ocrx_word' id='word_1_165' title='bbox 787 1719 997 1789; x_wconf 82' lang='grc' dir='ltr'><strong>δωρεὰν</strong></span> <span class='ocrx_word' id='word_1_166' title='bbox 1014 1717 1110 1773; x_wconf 82' lang='grc' dir='ltr'><strong>τοῦ</strong></span> <span class='ocrx_word' id='word_1_167' title='bbox 1141 1718 1280 1774; x_wconf 79' lang='grc' dir='ltr'><strong>Θεοῦ</strong></span> <span class='ocrx_word' id='word_1_168' title='bbox 1308 1720 1565 1792; x_wconf 82' lang='grc' dir='ltr'><strong>ἐνόμισας</strong></span> <span class='ocrx_word' id='word_1_169' title='bbox 1592 1720 1683 1775; x_wconf 83' lang='grc' dir='ltr'><strong>διὰ</strong></span> <span class='ocrx_word' id='word_1_170' title='bbox 1721 1737 1859 1791; x_wconf 83' lang='grc' dir='ltr'><strong>χρη-</strong></span> 
     </span>
    </p>
   </div>
   <div class='ocr_carea' id='block_1_27' title="bbox 276 1809 1856 1884">
    <p class='ocr_par' dir='ltr' id='par_1_27' title="bbox 276 1809 1856 1884">
     <span class='ocr_line' id='line_1_27' title="bbox 276 1809 1856 1884; baseline 0.001 -21"><span class='ocrx_word' id='word_1_171' title='bbox 276 1810 468 1880; x_wconf 77' lang='grc' dir='ltr'><strong>μάτων</strong></span> <span class='ocrx_word' id='word_1_172' title='bbox 495 1810 752 1864; x_wconf 85' lang='grc' dir='ltr'><strong>κτᾶσθαι.</strong></span> <span class='ocrx_word' id='word_1_173' title='bbox 806 1810 921 1863; x_wconf 82' lang='grc' dir='ltr'><strong>Οὐκ</strong></span> <span class='ocrx_word' id='word_1_174' title='bbox 952 1809 1069 1864; x_wconf 77' lang='grc' dir='ltr'><strong>ἔστι</strong></span> <span class='ocrx_word' id='word_1_175' title='bbox 1118 1827 1201 1866; x_wconf 89' lang='grc' dir='ltr'><strong>σοι</strong></span> <span class='ocrx_word' id='word_1_176' title='bbox 1250 1810 1435 1883; x_wconf 75' lang='grc' dir='ltr'><strong>μερὶς,</strong></span> <span class='ocrx_word' id='word_1_177' title='bbox 1483 1809 1606 1865; x_wconf 76' lang='grc' dir='ltr'><strong>οὐδὲ</strong></span> <span class='ocrx_word' id='word_1_178' title='bbox 1641 1811 1856 1884; x_wconf 71' lang='grc' dir='ltr'><strong>ικλῆρος</strong></span> 
     </span>
    </p>
   </div>
   <div class='ocr_carea' id='block_1_28' title="bbox 272 1900 1856 1975">
    <p class='ocr_par' dir='ltr' id='par_1_28' title="bbox 272 1900 1856 1975">
     <span class='ocr_line' id='line_1_28' title="bbox 272 1900 1856 1975; baseline 0.003 -21"><span class='ocrx_word' id='word_1_179' title='bbox 272 1904 330 1955; x_wconf 82' lang='grc' dir='ltr'><strong>ἐν</strong></span> <span class='ocrx_word' id='word_1_180' title='bbox 354 1900 439 1971; x_wconf 78' lang='grc' dir='ltr'><strong>τῷ</strong></span> <span class='ocrx_word' id='word_1_181' title='bbox 499 1901 649 1972; x_wconf 81' lang='grc' dir='ltr'><strong>λόγῳ</strong></span> <span class='ocrx_word' id='word_1_182' title='bbox 683 1902 862 1973; x_wconf 87' lang='grc' dir='ltr'><strong>τούτῳ</strong></span> <span class='ocrx_word' id='word_1_183' title='bbox 888 1918 903 1935; x_wconf 72' lang='grc' dir='ltr'><strong><em>ο</em></strong></span> <span class='ocrx_word' id='word_1_184' title='bbox 939 1904 974 1975; x_wconf 83' lang='grc' dir='ltr'>ᾑ</span> <span class='ocrx_word' id='word_1_185' title='bbox 1001 1903 1112 1975; x_wconf 78' lang='grc' dir='ltr'><strong>γὰρ</strong></span> <span class='ocrx_word' id='word_1_186' title='bbox 1152 1904 1356 1975; x_wconf 77' lang='grc' dir='ltr'><strong>καρδία</strong></span> <span class='ocrx_word' id='word_1_187' title='bbox 1399 1921 1494 1958; x_wconf 89' lang='grc' dir='ltr'><strong>σου</strong></span> <span class='ocrx_word' id='word_1_188' title='bbox 1553 1905 1656 1959; x_wconf 80' lang='grc' dir='ltr'><strong>οὐκ</strong></span> <span class='ocrx_word' id='word_1_189' title='bbox 1704 1906 1856 1961; x_wconf 81' lang='grc' dir='ltr'><strong>ἐστιν</strong></span> 
     </span>
    </p>
   </div>
   <div class='ocr_carea' id='block_1_29' title="bbox 270 1992 1861 2067">
    <p class='ocr_par' dir='ltr' id='par_1_29' title="bbox 270 1992 1861 2067">
     <span class='ocr_line' id='line_1_29' title="bbox 270 1992 1861 2067; baseline 0.001 -20"><span class='ocrx_word' id='word_1_190' title='bbox 270 1994 460 2047; x_wconf 74' lang='grc' dir='ltr'><strong>εὐθεῖα</strong></span> <span class='ocrx_word' id='word_1_191' title='bbox 484 1992 716 2046; x_wconf 79' lang='grc' dir='ltr'><strong>ἐνώπιον</strong></span> <span class='ocrx_word' id='word_1_192' title='bbox 741 1993 837 2046; x_wconf 81' lang='grc' dir='ltr'><strong>τοῦ</strong></span> <span class='ocrx_word' id='word_1_193' title='bbox 867 1993 1028 2049; x_wconf 82' lang='grc' dir='ltr'><strong>Θεοῦ.</strong></span> <span class='ocrx_word' id='word_1_194' title='bbox 1075 1995 1433 2067; x_wconf 85' lang='grc' dir='ltr'><strong>Μετανόησον</strong></span> <span class='ocrx_word' id='word_1_195' title='bbox 1470 1992 1570 2051; x_wconf 79' lang='grc' dir='ltr'><strong>οὗν</strong></span> <span class='ocrx_word' id='word_1_196' title='bbox 1622 1996 1731 2050; x_wconf 81' lang='grc' dir='ltr'><strong>ἀπὸ</strong></span> <span class='ocrx_word' id='word_1_197' title='bbox 1758 1996 1861 2067; x_wconf 84' lang='grc' dir='ltr'><strong>τῆς</strong></span> 
     </span>
    </p>
   </div>
   <div class='ocr_carea' id='block_1_30' title="bbox 270 2083 1860 2159">
    <p class='ocr_par' dir='ltr' id='par_1_30' title="bbox 270 2083 1860 2159">
     <span class='ocr_line' id='line_1_30' title="bbox 270 2083 1860 2159; baseline 0.002 -21"><span class='ocrx_word' id='word_1_198' title='bbox 270 2085 475 2148; x_wconf 87' lang='grc' dir='ltr'><strong>κακίας</strong></span> <span class='ocrx_word' id='word_1_199' title='bbox 506 2101 598 2138; x_wconf 85' lang='grc' dir='ltr'><strong>σου</strong></span> <span class='ocrx_word' id='word_1_200' title='bbox 628 2083 857 2155; x_wconf 83' lang='grc' dir='ltr'><strong>ταύτης,</strong></span> <span class='ocrx_word' id='word_1_201' title='bbox 883 2085 979 2139; x_wconf 78' lang='grc' dir='ltr'><strong>καὶ</strong></span> <span class='ocrx_word' id='word_1_202' title='bbox 1002 2085 1228 2157; x_wconf 77' lang='grc' dir='ltr'><strong>δεήθητι</strong></span> <span class='ocrx_word' id='word_1_203' title='bbox 1255 2085 1352 2140; x_wconf 79' lang='grc' dir='ltr'><strong>τοῦ</strong></span> <span class='ocrx_word' id='word_1_204' title='bbox 1387 2085 1625 2157; x_wconf 84' lang='grc' dir='ltr'><strong>Κυρίου,</strong></span> <span class='ocrx_word' id='word_1_205' title='bbox 1666 2088 1715 2141; x_wconf 89' lang='grc' dir='ltr'><strong>εί</strong></span> <span class='ocrx_word' id='word_1_206' title='bbox 1746 2088 1860 2159; x_wconf 77' lang='grc' dir='ltr'><strong>ἄρα</strong></span> 
     </span>
    </p>
   </div>
   <div class='ocr_carea' id='block_1_31' title="bbox 268 2175 1862 2249">
    <p class='ocr_par' dir='ltr' id='par_1_31' title="bbox 268 2175 1862 2249">
     <span class='ocr_line' id='line_1_31' title="bbox 268 2175 1862 2249; baseline 0.003 -21"><span class='ocrx_word' id='word_1_207' title='bbox 268 2175 611 2247; x_wconf 84' lang='grc' dir='ltr'><strong>ἀφεθήσεταί</strong></span> <span class='ocrx_word' id='word_1_208' title='bbox 656 2191 739 2228; x_wconf 88' lang='grc' dir='ltr'><strong>σοι</strong></span> <span class='ocrx_word' id='word_1_209' title='bbox 796 2176 831 2246; x_wconf 83' lang='grc' dir='ltr'>ή</span> <span class='ocrx_word' id='word_1_210' title='bbox 872 2176 1088 2230; x_wconf 82' lang='grc' dir='ltr'><strong>ἐπίνοια</strong></span> <span class='ocrx_word' id='word_1_211' title='bbox 1135 2176 1240 2247; x_wconf 84' lang='grc' dir='ltr'><strong>τῆς</strong></span> <span class='ocrx_word' id='word_1_212' title='bbox 1295 2177 1526 2249; x_wconf 87' lang='grc' dir='ltr'><strong>καρδίας</strong></span> <span class='ocrx_word' id='word_1_213' title='bbox 1585 2195 1704 2233; x_wconf 87' lang='grc' dir='ltr'><strong>σου.</strong></span> <span class='ocrx_word' id='word_1_214' title='bbox 1764 2177 1862 2242; x_wconf 87' lang='grc' dir='ltr'><strong>Είς</strong></span> 
     </span>
    </p>
   </div>
   <div class='ocr_carea' id='block_1_32' title="bbox 269 2266 1863 2341">
    <p class='ocr_par' dir='ltr' id='par_1_32' title="bbox 269 2266 1863 2341">
     <span class='ocr_line' id='line_1_32' title="bbox 269 2266 1863 2341; baseline 0.003 -21"><span class='ocrx_word' id='word_1_215' title='bbox 269 2267 384 2339; x_wconf 84' lang='grc' dir='ltr'><strong>γὰρ</strong></span> <span class='ocrx_word' id='word_1_216' title='bbox 445 2267 615 2338; x_wconf 84' lang='grc' dir='ltr'><strong>χολὴν</strong></span> <span class='ocrx_word' id='word_1_217' title='bbox 664 2266 892 2338; x_wconf 84' lang='grc' dir='ltr'><strong>πικρίας</strong></span> <span class='ocrx_word' id='word_1_218' title='bbox 918 2268 1015 2321; x_wconf 76' lang='grc' dir='ltr'><strong>καὶ</strong></span> <span class='ocrx_word' id='word_1_219' title='bbox 1055 2268 1356 2341; x_wconf 81' lang='grc' dir='ltr'><strong>σύνδεσμον</strong></span> <span class='ocrx_word' id='word_1_220' title='bbox 1407 2271 1623 2335; x_wconf 84' lang='grc' dir='ltr'><strong>ἀδικίας</strong></span> <span class='ocrx_word' id='word_1_221' title='bbox 1655 2270 1768 2341; x_wconf 86' lang='grc' dir='ltr'><strong>ὁρῶ</strong></span> <span class='ocrx_word' id='word_1_222' title='bbox 1799 2287 1863 2325; x_wconf 81' lang='grc' dir='ltr'><strong>σε</strong></span> 
     </span>
    </p>
   </div>
   <div class='ocr_carea' id='block_1_33' title="bbox 267 2359 473 2430">
    <p class='ocr_par' dir='ltr' id='par_1_33' title="bbox 267 2359 473 2430">
     <span class='ocr_line' id='line_1_33' title="bbox 267 2359 473 2430; baseline 0.005 -18"><span class='ocrx_word' id='word_1_223' title='bbox 267 2359 422 2430; x_wconf 34' lang='grc' dir='ltr'><strong>ὄντα..</strong></span> <span class='ocrx_word' id='word_1_224' title='bbox 453 2378 473 2413; x_wconf 74' lang='grc' dir='ltr'><strong>ο</strong></span> 
     </span>
    </p>
   </div>
   <div class='ocr_carea' id='block_1_34' title="bbox 572 2451 1551 2522">
    <p class='ocr_par' dir='ltr' id='par_1_34' title="bbox 572 2451 1551 2522">
     <span class='ocr_line' id='line_1_34' title="bbox 572 2451 1551 2522; baseline 0.003 -17"><span class='ocrx_word' id='word_1_225' title='bbox 572 2453 668 2507; x_wconf 84' lang='grc' dir='ltr'><strong>Ἐκ</strong></span> <span class='ocrx_word' id='word_1_226' title='bbox 689 2451 800 2520; x_wconf 81' lang='grc' dir='ltr'><strong>τῆς</strong></span> <span class='ocrx_word' id='word_1_227' title='bbox 821 2454 1027 2522; x_wconf 83' lang='grc' dir='ltr'><strong>τρίτης</strong></span> <span class='ocrx_word' id='word_1_228' title='bbox 1046 2451 1166 2506; x_wconf 79' lang='grc' dir='ltr'><strong>τῶν</strong></span> <span class='ocrx_word' id='word_1_229' title='bbox 1190 2452 1551 2509; x_wconf 75' lang='grc' dir='ltr'><strong>Βασιλειῶν.</strong></span> 
     </span>
    </p>
   </div>
   <div class='ocr_carea' id='block_1_35' title="bbox 345 2542 1860 2617">
    <p class='ocr_par' dir='ltr' id='par_1_35' title="bbox 345 2542 1860 2617">
     <span class='ocr_line' id='line_1_35' title="bbox 345 2542 1860 2617; baseline 0.002 -23"><span class='ocrx_word' id='word_1_230' title='bbox 345 2560 366 2594; x_wconf 73' lang='grc' dir='ltr'><strong>ι</strong></span> <span class='ocrx_word' id='word_1_231' title='bbox 390 2543 509 2597; x_wconf 88' lang='lat' dir='ltr'><strong>Kal</strong></span> <span class='ocrx_word' id='word_1_232' title='bbox 557 2544 658 2597; x_wconf 78' lang='grc' dir='ltr'><strong>οὐκ</strong></span> <span class='ocrx_word' id='word_1_233' title='bbox 690 2542 1030 2615; x_wconf 74' lang='grc' dir='ltr'><strong>ἐπέστρεψεν</strong></span> <span class='ocrx_word' id='word_1_234' title='bbox 1069 2543 1361 2615; x_wconf 84' lang='grc' dir='ltr'><strong>Ἱεροϐοὰμ</strong></span> <span class='ocrx_word' id='word_1_235' title='bbox 1385 2544 1496 2599; x_wconf 80' lang='grc' dir='ltr'><strong>ἀπὸ</strong></span> <span class='ocrx_word' id='word_1_236' title='bbox 1522 2547 1626 2617; x_wconf 84' lang='grc' dir='ltr'><strong>τῆς</strong></span> <span class='ocrx_word' id='word_1_237' title='bbox 1655 2544 1860 2608; x_wconf 87' lang='grc' dir='ltr'><strong>κακίας</strong></span> 
     </span>
    </p>
   </div>
   <div class='ocr_carea' id='block_1_36' title="bbox 267 2633 1859 2708">
    <p class='ocr_par' dir='ltr' id='par_1_36' title="bbox 267 2633 1859 2708">
     <span class='ocr_line' id='line_1_36' title="bbox 267 2633 1859 2708; baseline 0.001 -21"><span class='ocrx_word' id='word_1_238' title='bbox 267 2633 443 2688; x_wconf 80' lang='grc' dir='ltr'><strong>αὐτοϋ</strong></span> <span class='ocrx_word' id='word_1_239' title='bbox 479 2652 494 2668; x_wconf 92' lang='grc'><strong>·</strong></span> <span class='ocrx_word' id='word_1_240' title='bbox 520 2636 617 2689; x_wconf 80' lang='grc' dir='ltr'><strong>καὶ</strong></span> <span class='ocrx_word' id='word_1_241' title='bbox 647 2636 972 2707; x_wconf 78' lang='grc' dir='ltr'><strong>ἐπέστρεψε,</strong></span> <span class='ocrx_word' id='word_1_242' title='bbox 1005 2636 1101 2691; x_wconf 75' lang='grc' dir='ltr'><strong>καὶ</strong></span> <span class='ocrx_word' id='word_1_243' title='bbox 1143 2638 1404 2708; x_wconf 82' lang='grc' dir='ltr'><strong>ἐποίησεν</strong></span> <span class='ocrx_word' id='word_1_244' title='bbox 1435 2639 1502 2691; x_wconf 84' lang='grc' dir='ltr'><strong>ἐκ</strong></span> <span class='ocrx_word' id='word_1_245' title='bbox 1532 2638 1737 2708; x_wconf 84' lang='grc' dir='ltr'><strong>μέρους</strong></span> <span class='ocrx_word' id='word_1_246' title='bbox 1762 2635 1859 2690; x_wconf 81' lang='grc' dir='ltr'><strong>τοῦ</strong></span> 
     </span>
    </p>
   </div>
   <div class='ocr_carea' id='block_1_37' title="bbox 268 2727 1861 2801">
    <p class='ocr_par' dir='ltr' id='par_1_37' title="bbox 268 2727 1861 2801">
     <span class='ocr_line' id='line_1_37' title="bbox 268 2727 1861 2801; baseline 0.003 -22"><span class='ocrx_word' id='word_1_247' title='bbox 268 2727 401 2781; x_wconf 85' lang='grc' dir='ltr'><strong>λαοῦ</strong></span> <span class='ocrx_word' id='word_1_248' title='bbox 471 2728 636 2800; x_wconf 83' lang='grc' dir='ltr'><strong>ίερεῑς</strong></span> <span class='ocrx_word' id='word_1_249' title='bbox 697 2727 940 2799; x_wconf 81' lang='grc' dir='ltr'><strong>ὑψηλῶν.</strong></span> <span class='ocrx_word' id='word_1_250' title='bbox 981 2728 1041 2783; x_wconf 87' lang='lat'><strong>&#39;0</strong></span> <span class='ocrx_word' id='word_1_251' title='bbox 1077 2728 1404 2800; x_wconf 86' lang='grc' dir='ltr'><strong>βουλόμενος</strong></span> <span class='ocrx_word' id='word_1_252' title='bbox 1454 2729 1697 2801; x_wconf 80' lang='grc' dir='ltr'><strong>ἐπλήρου</strong></span> <span class='ocrx_word' id='word_1_253' title='bbox 1760 2731 1861 2801; x_wconf 79' lang='grc' dir='ltr'><strong>τὴν</strong></span> 
     </span>
    </p>
   </div>
   <div class='ocr_carea' id='block_1_38' title="bbox 268 2818 1863 2893">
    <p class='ocr_par' dir='ltr' id='par_1_38' title="bbox 268 2818 1863 2893">
     <span class='ocr_line' id='line_1_38' title="bbox 268 2818 1863 2893; baseline 0.004 -24"><span class='ocrx_word' id='word_1_254' title='bbox 268 2820 440 2892; x_wconf 82' lang='grc' dir='ltr'><strong>χεῖρα.</strong></span> <span class='ocrx_word' id='word_1_255' title='bbox 465 2818 655 2884; x_wconf 76' lang='grc' dir='ltr'><strong>αὐτοῦ,</strong></span> <span class='ocrx_word' id='word_1_256' title='bbox 691 2820 785 2873; x_wconf 80' lang='grc' dir='ltr'><strong>καὶ</strong></span> <span class='ocrx_word' id='word_1_257' title='bbox 833 2818 1047 2889; x_wconf 78' lang='grc' dir='ltr'><strong>ἐγίνετο</strong></span> <span class='ocrx_word' id='word_1_258' title='bbox 1100 2820 1281 2891; x_wconf 79' lang='grc' dir='ltr'><strong>ἱερεὺς</strong></span> <span class='ocrx_word' id='word_1_259' title='bbox 1303 2822 1383 2882; x_wconf 91' lang='grc' dir='ltr'><strong>είς</strong></span> <span class='ocrx_word' id='word_1_260' title='bbox 1415 2821 1483 2875; x_wconf 78' lang='grc' dir='ltr'><strong>τὰ</strong></span> <span class='ocrx_word' id='word_1_261' title='bbox 1515 2822 1721 2893; x_wconf 78' lang='grc' dir='ltr'><strong>ὑψηλά.</strong></span> <span class='ocrx_word' id='word_1_262' title='bbox 1749 2821 1863 2876; x_wconf 82' lang='lat' dir='ltr'><strong>Kal</strong></span> 
     </span>
    </p>
   </div>
   <div class='ocr_carea' id='block_1_39' title="bbox 266 2910 1858 2986">
    <p class='ocr_par' dir='ltr' id='par_1_39' title="bbox 266 2910 1858 2986">
     <span class='ocr_line' id='line_1_39' title="bbox 266 2910 1858 2986; baseline 0.004 -24"><span class='ocrx_word' id='word_1_263' title='bbox 266 2911 497 2976; x_wconf 77' lang='grc' dir='ltr'><strong>ἐγένετο</strong></span> <span class='ocrx_word' id='word_1_264' title='bbox 516 2910 581 2963; x_wconf 82' lang='grc' dir='ltr'><strong>τὸ</strong></span> <span class='ocrx_word' id='word_1_265' title='bbox 605 2911 758 2981; x_wconf 78' lang='grc' dir='ltr'><strong>ῥῆμα</strong></span> <span class='ocrx_word' id='word_1_266' title='bbox 792 2910 950 2965; x_wconf 85' lang='grc' dir='ltr'><strong>τοῦτο</strong></span> <span class='ocrx_word' id='word_1_267' title='bbox 977 2913 1057 2975; x_wconf 89' lang='grc' dir='ltr'><strong>είς</strong></span> <span class='ocrx_word' id='word_1_268' title='bbox 1107 2912 1390 2983; x_wconf 82' lang='grc' dir='ltr'><strong>ἁμαρτίαν</strong></span> <span class='ocrx_word' id='word_1_269' title='bbox 1444 2913 1526 2985; x_wconf 79' lang='grc' dir='ltr'><strong>τῷ</strong></span> <span class='ocrx_word' id='word_1_270' title='bbox 1576 2915 1712 2986; x_wconf 85' lang='grc' dir='ltr'><strong>οίκῳ</strong></span> <span class='ocrx_word' id='word_1_271' title='bbox 1755 2914 1858 2967; x_wconf 85' lang='grc' dir='ltr'><strong>Ἰε-</strong></span> 
     </span>
    </p>
   </div>
   <div class='ocr_carea' id='block_1_40' title="bbox 270 3003 1863 3078">
    <p class='ocr_par' dir='ltr' id='par_1_40' title="bbox 270 3003 1863 3078">
     <span class='ocr_line' id='line_1_40' title="bbox 270 3003 1863 3078; baseline 0.004 -24"><span class='ocrx_word' id='word_1_272' title='bbox 270 3003 514 3073; x_wconf 77' lang='grc' dir='ltr'><strong>ροϐοὰμ,</strong></span> <span class='ocrx_word' id='word_1_273' title='bbox 558 3006 655 3058; x_wconf 76' lang='grc' dir='ltr'><strong>καὶ</strong></span> <span class='ocrx_word' id='word_1_274' title='bbox 706 3006 784 3068; x_wconf 87' lang='grc' dir='ltr'><strong>είς</strong></span> <span class='ocrx_word' id='word_1_275' title='bbox 846 3003 1160 3074; x_wconf 79' lang='grc' dir='ltr'><strong>ἀφανισμὸν</strong></span> <span class='ocrx_word' id='word_1_276' title='bbox 1222 3003 1336 3059; x_wconf 76' lang='grc' dir='ltr'><strong>ἀπὸ</strong></span> <span class='ocrx_word' id='word_1_277' title='bbox 1402 3006 1701 3078; x_wconf 83' lang='grc' dir='ltr'><strong>προσώπου</strong></span> <span class='ocrx_word' id='word_1_278' title='bbox 1760 3006 1863 3078; x_wconf 82' lang='grc' dir='ltr'><strong>τῆς</strong></span> 
     </span>
    </p>
   </div>
   <div class='ocr_carea' id='block_1_41' title="bbox 265 3112 454 3167">
    <p class='ocr_par' dir='ltr' id='par_1_41' title="bbox 265 3112 454 3167">
     <span class='ocr_line' id='line_1_41' title="bbox 265 3112 454 3167; baseline -0.005 -17"><span class='ocrx_word' id='word_1_279' title='bbox 265 3112 396 3167; x_wconf 85' lang='grc' dir='ltr'><strong>γης.</strong></span> <span class='ocrx_word' id='word_1_280' title='bbox 432 3114 454 3149; x_wconf 74' lang='grc' dir='ltr'><strong>ι</strong></span> 
     </span>
    </p>
   </div>
   <div class='ocr_carea' id='block_1_42' title="bbox 282 3185 1937 3259">
    <p class='ocr_par' dir='ltr' id='par_1_42' title="bbox 282 3185 1937 3259">
     <span class='ocr_line' id='line_1_42' title="bbox 282 3185 1937 3259; baseline 0.001 -18"><span class='ocrx_word' id='word_1_281' title='bbox 282 3186 388 3242; x_wconf 78' lang='grc' dir='ltr'><strong>Ἕκ</strong></span> <span class='ocrx_word' id='word_1_282' title='bbox 444 3185 557 3256; x_wconf 81' lang='grc' dir='ltr'><strong>τῆς</strong></span> <span class='ocrx_word' id='word_1_283' title='bbox 587 3187 636 3241; x_wconf 80' lang='grc' dir='ltr'><strong>δ’</strong></span> <span class='ocrx_word' id='word_1_284' title='bbox 691 3186 812 3244; x_wconf 79' lang='grc' dir='ltr'><strong>τῶν</strong></span> <span class='ocrx_word' id='word_1_285' title='bbox 854 3187 1228 3259; x_wconf 62' lang='grc' dir='ltr'><strong>Βασάειῷν,</strong></span> <span class='ocrx_word' id='word_1_286' title='bbox 1285 3187 1423 3258; x_wconf 73' lang='grc' dir='ltr'><strong>περὶ</strong></span> <span class='ocrx_word' id='word_1_287' title='bbox 1474 3188 1590 3259; x_wconf 81' lang='grc' dir='ltr'><strong>τῆς</strong></span> <span class='ocrx_word' id='word_1_288' title='bbox 1627 3189 1861 3259; x_wconf 73' lang='grc' dir='ltr'><strong>λέπρας</strong></span> <span class='ocrx_word' id='word_1_289' title='bbox 1888 3197 1937 3258; x_wconf 82' lang='lat' dir='ltr'>c</span> 
     </span>
    </p>
   </div>
   <div class='ocr_carea' id='block_1_43' title="bbox 968 3256 1168 3327">
    <p class='ocr_par' dir='ltr' id='par_1_43' title="bbox 968 3256 1168 3327">
     <span class='ocr_line' id='line_1_43' title="bbox 968 3256 1168 3327; baseline 0.005 -15"><span class='ocrx_word' id='word_1_290' title='bbox 968 3256 1168 3327; x_wconf 79' lang='grc' dir='ltr'><strong>Γιεζῆ.</strong></span> 
     </span>
    </p>
   </div>
   <div class='ocr_carea' id='block_1_44' title="bbox 348 3348 1866 3422">
    <p class='ocr_par' dir='ltr' id='par_1_44' title="bbox 348 3348 1866 3422">
     <span class='ocr_line' id='line_1_44' title="bbox 348 3348 1866 3422; baseline 0.001 -21"><span class='ocrx_word' id='word_1_291' title='bbox 348 3369 369 3401; x_wconf 70' lang='grc' dir='ltr'><strong>ι</strong></span> <span class='ocrx_word' id='word_1_292' title='bbox 397 3349 516 3404; x_wconf 92' lang='lat' dir='ltr'><strong>Kal</strong></span> <span class='ocrx_word' id='word_1_293' title='bbox 541 3349 846 3420; x_wconf 78' lang='grc' dir='ltr'><strong>ἐπέστρεψε</strong></span> <span class='ocrx_word' id='word_1_294' title='bbox 865 3349 1088 3422; x_wconf 86' lang='grc' dir='ltr'><strong>Νεεμὰν</strong></span> <span class='ocrx_word' id='word_1_295' title='bbox 1111 3349 1249 3417; x_wconf 75' lang='grc' dir='ltr'><strong>πρὸς</strong></span> <span class='ocrx_word' id='word_1_296' title='bbox 1279 3348 1555 3404; x_wconf 83' lang='grc' dir='ltr'><strong>Ἐλισσαιὲ</strong></span> <span class='ocrx_word' id='word_1_297' title='bbox 1585 3350 1747 3415; x_wconf 84' lang='grc' dir='ltr'><strong>αὐτὸς</strong></span> <span class='ocrx_word' id='word_1_298' title='bbox 1770 3351 1866 3405; x_wconf 78' lang='grc' dir='ltr'><strong>καὶ</strong></span> 
     </span>
    </p>
   </div>
   <div class='ocr_carea' id='block_1_45' title="bbox 271 3436 1867 3514">
    <p class='ocr_par' dir='ltr' id='par_1_45' title="bbox 271 3436 1867 3514">
     <span class='ocr_line' id='line_1_45' title="bbox 271 3436 1867 3514; baseline 0.003 -22"><span class='ocrx_word' id='word_1_299' title='bbox 271 3441 434 3493; x_wconf 82' lang='grc' dir='ltr'><strong>πᾶσα</strong></span> <span class='ocrx_word' id='word_1_300' title='bbox 468 3440 506 3510; x_wconf 82' lang='grc' dir='ltr'><strong>ἡ</strong></span> <span class='ocrx_word' id='word_1_301' title='bbox 531 3439 855 3512; x_wconf 85' lang='grc' dir='ltr'><strong>παρεμϐολὴ</strong></span> <span class='ocrx_word' id='word_1_302' title='bbox 882 3440 1048 3494; x_wconf 74' lang='grc' dir='ltr'><strong>αὐτοῦ</strong></span> <span class='ocrx_word' id='word_1_303' title='bbox 1073 3456 1088 3471; x_wconf 73' lang='grc'>⁸</span> <span class='ocrx_word' id='word_1_304' title='bbox 1119 3442 1214 3495; x_wconf 78' lang='grc' dir='ltr'><strong>καὶ</strong></span> <span class='ocrx_word' id='word_1_305' title='bbox 1258 3436 1419 3513; x_wconf 74' lang='grc' dir='ltr'><strong>ἦλθε,</strong></span> <span class='ocrx_word' id='word_1_306' title='bbox 1480 3443 1577 3496; x_wconf 79' lang='grc' dir='ltr'><strong>καὶ</strong></span> <span class='ocrx_word' id='word_1_307' title='bbox 1605 3441 1737 3514; x_wconf 80' lang='grc' dir='ltr'><strong>ἔστη</strong></span> <span class='ocrx_word' id='word_1_308' title='bbox 1777 3447 1867 3497; x_wconf 77' lang='grc' dir='ltr'><strong>ὲνο</strong></span> 
     </span>
    </p>
   </div>
   <div class='ocr_carea' id='block_1_46' title="bbox 271 3526 1868 3602">
    <p class='ocr_par' dir='ltr' id='par_1_46' title="bbox 271 3526 1868 3602">
     <span class='ocr_line' id='line_1_46' title="bbox 271 3526 1868 3602; baseline 0.004 -21"><span class='ocrx_word' id='word_1_309' title='bbox 271 3526 457 3581; x_wconf 83' lang='grc' dir='ltr'><strong>ὡπιον</strong></span> <span class='ocrx_word' id='word_1_310' title='bbox 483 3529 675 3585; x_wconf 78' lang='grc' dir='ltr'><strong>αὑτοῦ.</strong></span> <span class='ocrx_word' id='word_1_311' title='bbox 710 3529 820 3582; x_wconf 90' lang='lat' dir='ltr'><strong>Kal</strong></span> <span class='ocrx_word' id='word_1_312' title='bbox 851 3526 1007 3584; x_wconf 82' lang='grc' dir='ltr'><strong>εἶπεν</strong></span> <span class='ocrx_word' id='word_1_313' title='bbox 1029 3546 1042 3561; x_wconf 94' lang='grc'><strong>·</strong></span> <span class='ocrx_word' id='word_1_314' title='bbox 1063 3529 1194 3585; x_wconf 75' lang='grc' dir='ltr'><strong>’ἰδοὺ</strong></span> <span class='ocrx_word' id='word_1_315' title='bbox 1230 3532 1296 3602; x_wconf 82' lang='grc' dir='ltr'><strong>δὴ</strong></span> <span class='ocrx_word' id='word_1_316' title='bbox 1322 3531 1540 3601; x_wconf 76' lang='grc' dir='ltr'><strong>ἔγνωκα</strong></span> <span class='ocrx_word' id='word_1_317' title='bbox 1560 3573 1575 3597; x_wconf 94' lang='grc'><strong>,</strong></span> <span class='ocrx_word' id='word_1_318' title='bbox 1624 3534 1708 3588; x_wconf 84' lang='grc' dir='ltr'><strong>ὅτι</strong></span> <span class='ocrx_word' id='word_1_319' title='bbox 1765 3534 1868 3588; x_wconf 82' lang='grc' dir='ltr'><strong>οὐκ</strong></span> 
     </span>
    </p>
   </div>
   <div class='ocr_carea' id='block_1_47' title="bbox 271 3619 1864 3699">
    <p class='ocr_par' dir='ltr' id='par_1_47' title="bbox 271 3619 1864 3699">
     <span class='ocr_line' id='line_1_47' title="bbox 271 3619 1864 3699; baseline 0.008 -27"><span class='ocrx_word' id='word_1_320' title='bbox 271 3619 395 3674; x_wconf 78' lang='grc' dir='ltr'><strong>ἐστι</strong></span> <span class='ocrx_word' id='word_1_321' title='bbox 451 3620 589 3685; x_wconf 83' lang='grc' dir='ltr'><strong>Θεὸς</strong></span> <span class='ocrx_word' id='word_1_322' title='bbox 609 3621 677 3675; x_wconf 82' lang='grc' dir='ltr'><strong>ἐν.</strong></span> <span class='ocrx_word' id='word_1_323' title='bbox 704 3621 856 3695; x_wconf 76' lang='grc' dir='ltr'><strong>πάσῃ</strong></span> <span class='ocrx_word' id='word_1_324' title='bbox 909 3625 977 3694; x_wconf 78' lang='grc' dir='ltr'><strong>τῇ</strong></span> <span class='ocrx_word' id='word_1_325' title='bbox 1033 3626 1141 3696; x_wconf 77' lang='grc' dir='ltr'><strong>γῇ,</strong></span> <span class='ocrx_word' id='word_1_326' title='bbox 1195 3624 1368 3697; x_wconf 75' lang='grc' dir='ltr'><strong>ἀλλ’ἢ</strong></span> <span class='ocrx_word' id='word_1_327' title='bbox 1399 3627 1459 3680; x_wconf 82' lang='grc' dir='ltr'><strong>ἐν</strong></span> <span class='ocrx_word' id='word_1_328' title='bbox 1500 3625 1588 3698; x_wconf 83' lang='grc' dir='ltr'><strong>τῷ</strong></span> <span class='ocrx_word' id='word_1_329' title='bbox 1624 3628 1864 3699; x_wconf 86' lang='grc' dir='ltr'><strong>Ἰσραήλ.</strong></span> 
     </span>
    </p>
   </div>
   <div class='ocr_carea' id='block_1_48' title="bbox 270 3712 1866 3788">
    <p class='ocr_par' dir='ltr' id='par_1_48' title="bbox 270 3712 1866 3788">
     <span class='ocr_line' id='line_1_48' title="bbox 270 3712 1866 3788; baseline 0.006 -23"><span class='ocrx_word' id='word_1_330' title='bbox 270 3713 390 3766; x_wconf 79' lang='lat' dir='ltr'><strong>Kal</strong></span> <span class='ocrx_word' id='word_1_331' title='bbox 417 3712 521 3766; x_wconf 83' lang='grc' dir='ltr'><strong>νῦν</strong></span> <span class='ocrx_word' id='word_1_332' title='bbox 555 3712 689 3767; x_wconf 88' lang='grc' dir='ltr'><strong>λάϐε</strong></span> <span class='ocrx_word' id='word_1_333' title='bbox 719 3713 822 3785; x_wconf 77' lang='grc' dir='ltr'><strong>τὴν</strong></span> <span class='ocrx_word' id='word_1_334' title='bbox 885 3713 1139 3784; x_wconf 83' lang='grc' dir='ltr'><strong>εὐλογίαν</strong></span> <span class='ocrx_word' id='word_1_335' title='bbox 1192 3716 1347 3788; x_wconf 80' lang='grc' dir='ltr'><strong>παρὰ</strong></span> <span class='ocrx_word' id='word_1_336' title='bbox 1371 3717 1465 3771; x_wconf 82' lang='grc' dir='ltr'><strong>τοῦ</strong></span> <span class='ocrx_word' id='word_1_337' title='bbox 1493 3718 1685 3773; x_wconf 89' lang='grc' dir='ltr'><strong>δούλου</strong></span> <span class='ocrx_word' id='word_1_338' title='bbox 1748 3738 1866 3776; x_wconf 89' lang='grc' dir='ltr'><strong>σου.</strong></span> 
     </span>
    </p>
   </div>
   <div class='ocr_carea' id='block_1_49' title="bbox 275 3800 1871 3882">
    <p class='ocr_par' dir='ltr' id='par_1_49' title="bbox 275 3800 1871 3882">
     <span class='ocr_line' id='line_1_49' title="bbox 275 3800 1871 3882; baseline 0.004 -22"><span class='ocrx_word' id='word_1_339' title='bbox 275 3807 395 3860; x_wconf 90' lang='lat' dir='ltr'><strong>Kal</strong></span> <span class='ocrx_word' id='word_1_340' title='bbox 446 3800 607 3860; x_wconf 74' lang='grc' dir='ltr'><strong>εἶπεν</strong></span> <span class='ocrx_word' id='word_1_341' title='bbox 646 3805 947 3860; x_wconf 79' lang='grc' dir='ltr'><strong>Ἐλισσαιέ⁶</strong></span> <span class='ocrx_word' id='word_1_342' title='bbox 979 3806 1056 3878; x_wconf 86' lang='grc' dir='ltr'>Ζῆ</span> <span class='ocrx_word' id='word_1_343' title='bbox 1089 3807 1297 3880; x_wconf 83' lang='grc' dir='ltr'><strong>Κύριος</strong></span> <span class='ocrx_word' id='word_1_344' title='bbox 1336 3802 1382 3878; x_wconf 83' lang='grc' dir='ltr'>ᾧ</span> <span class='ocrx_word' id='word_1_345' title='bbox 1411 3810 1694 3882; x_wconf 86' lang='grc' dir='ltr'><strong>παρέστην</strong></span> <span class='ocrx_word' id='word_1_346' title='bbox 1738 3811 1871 3867; x_wconf 83' lang='grc' dir='ltr'><strong>ἐνώ-</strong></span> 
     </span>
    </p>
   </div>
   <div class='ocr_carea' id='block_1_50' title="bbox 273 3896 1873 3971">
    <p class='ocr_par' dir='ltr' id='par_1_50' title="bbox 273 3896 1873 3971">
     <span class='ocr_line' id='line_1_50' title="bbox 273 3896 1873 3971; baseline 0.004 -20"><span class='ocrx_word' id='word_1_347' title='bbox 273 3915 407 3952; x_wconf 88' lang='grc' dir='ltr'><strong>πιον</strong></span> <span class='ocrx_word' id='word_1_348' title='bbox 442 3896 637 3959; x_wconf 84' lang='grc' dir='ltr'><strong>αὑτοῦ,</strong></span> <span class='ocrx_word' id='word_1_349' title='bbox 671 3899 719 3951; x_wconf 85' lang='grc' dir='ltr'><strong>εί</strong></span> <span class='ocrx_word' id='word_1_350' title='bbox 748 3896 1014 3970; x_wconf 79' lang='grc' dir='ltr'><strong>λήψομαι.</strong></span> <span class='ocrx_word' id='word_1_351' title='bbox 1050 3900 1161 3953; x_wconf 89' lang='lat' dir='ltr'><strong>Kal</strong></span> <span class='ocrx_word' id='word_1_352' title='bbox 1195 3900 1568 3971; x_wconf 85' lang='grc' dir='ltr'><strong>παρεϐιάσατο</strong></span> <span class='ocrx_word' id='word_1_353' title='bbox 1591 3902 1756 3957; x_wconf 80' lang='grc' dir='ltr'><strong>αὐτὸν</strong></span> <span class='ocrx_word' id='word_1_354' title='bbox 1781 3903 1873 3957; x_wconf 86' lang='grc' dir='ltr'><strong>λα-</strong></span> 
     </span>
    </p>
   </div>
   <div class='ocr_carea' id='block_1_51' title="bbox 222 3989 1871 4062">
    <p class='ocr_par' dir='ltr' id='par_1_51' title="bbox 222 3989 1871 4062">
     <span class='ocr_line' id='line_1_51' title="bbox 222 3989 1871 4062; baseline 0.004 -20"><span class='ocrx_word' id='word_1_355' title='bbox 222 4053 237 4061; x_wconf 37' lang='grc'><strong>“</strong></span> <span class='ocrx_word' id='word_1_356' title='bbox 276 3991 424 4056; x_wconf 84' lang='grc' dir='ltr'><strong>ϐεἰν,</strong></span> <span class='ocrx_word' id='word_1_357' title='bbox 488 3989 588 4042; x_wconf 77' lang='grc' dir='ltr'><strong>καὶ</strong></span> <span class='ocrx_word' id='word_1_358' title='bbox 623 3989 913 4061; x_wconf 78' lang='grc' dir='ltr'><strong>ἠπείθησε.</strong></span> <span class='ocrx_word' id='word_1_359' title='bbox 936 4008 955 4042; x_wconf 71' lang='grc' dir='ltr'><strong>ι</strong></span> <span class='ocrx_word' id='word_1_360' title='bbox 985 3990 1094 4043; x_wconf 88' lang='lat' dir='ltr'><strong>Kal</strong></span> <span class='ocrx_word' id='word_1_361' title='bbox 1129 3993 1249 4062; x_wconf 85' lang='grc' dir='ltr'><strong>μετ’</strong></span> <span class='ocrx_word' id='word_1_362' title='bbox 1298 3990 1458 4061; x_wconf 82' lang='grc' dir='ltr'><strong>ὀλίγα</strong></span> <span class='ocrx_word' id='word_1_363' title='bbox 1484 4009 1498 4023; x_wconf 87' lang='grc'><strong>·</strong></span> <span class='ocrx_word' id='word_1_364' title='bbox 1549 4012 1567 4045; x_wconf 78' lang='grc' dir='ltr'><strong>ι</strong></span> <span class='ocrx_word' id='word_1_365' title='bbox 1590 3994 1701 4048; x_wconf 82' lang='grc' dir='ltr'><strong>Καὶ</strong></span> <span class='ocrx_word' id='word_1_366' title='bbox 1749 3990 1871 4049; x_wconf 82' lang='grc' dir='ltr'><strong>εῐπε</strong></span> 
     </span>
    </p>
   </div>
   <div class='ocr_carea' id='block_1_52' title="bbox 274 4081 1874 4154">
    <p class='ocr_par' dir='ltr' id='par_1_52' title="bbox 274 4081 1874 4154">
     <span class='ocr_line' id='line_1_52' title="bbox 274 4081 1874 4154; baseline 0.003 -20"><span class='ocrx_word' id='word_1_367' title='bbox 274 4081 453 4153; x_wconf 80' lang='grc' dir='ltr'><strong>Γιεζῆ</strong></span> <span class='ocrx_word' id='word_1_368' title='bbox 511 4081 573 4134; x_wconf 80' lang='grc' dir='ltr'><strong>τὸ</strong></span> <span class='ocrx_word' id='word_1_369' title='bbox 628 4081 916 4152; x_wconf 81' lang='grc' dir='ltr'><strong>παιδάριον</strong></span> <span class='ocrx_word' id='word_1_370' title='bbox 978 4081 1253 4135; x_wconf 85' lang='grc' dir='ltr'><strong>Ἐλισσαιέ</strong></span> <span class='ocrx_word' id='word_1_371' title='bbox 1288 4098 1303 4112; x_wconf 65' lang='grc' dir='ltr'><strong>ι</strong></span> <span class='ocrx_word' id='word_1_372' title='bbox 1349 4083 1481 4137; x_wconf 82' lang='grc' dir='ltr'><strong>Ἰδοὺ</strong></span> <span class='ocrx_word' id='word_1_373' title='bbox 1545 4085 1803 4154; x_wconf 85' lang='grc' dir='ltr'><strong>ἐφείσατο</strong></span> <span class='ocrx_word' id='word_1_374' title='bbox 1844 4087 1874 4139; x_wconf 90' lang='lat'><strong>6</strong></span> 
     </span>
    </p>
   </div>
   <div class='ocr_carea' id='block_1_53' title="bbox 276 4172 1876 4247">
    <p class='ocr_par' dir='ltr' id='par_1_53' title="bbox 276 4172 1876 4247">
     <span class='ocr_line' id='line_1_53' title="bbox 276 4172 1876 4247; baseline 0.002 -19"><span class='ocrx_word' id='word_1_375' title='bbox 276 4175 485 4247; x_wconf 84' lang='grc' dir='ltr'><strong>κύριός</strong></span> <span class='ocrx_word' id='word_1_376' title='bbox 542 4190 643 4244; x_wconf 88' lang='grc' dir='ltr'><strong>μου</strong></span> <span class='ocrx_word' id='word_1_377' title='bbox 668 4172 764 4226; x_wconf 85' lang='grc' dir='ltr'><strong>τοῦ</strong></span> <span class='ocrx_word' id='word_1_378' title='bbox 790 4173 1013 4244; x_wconf 81' lang='grc' dir='ltr'><strong>Νεεμὰν</strong></span> <span class='ocrx_word' id='word_1_379' title='bbox 1046 4173 1141 4227; x_wconf 83' lang='grc' dir='ltr'><strong>τοῦ</strong></span> <span class='ocrx_word' id='word_1_380' title='bbox 1193 4173 1391 4245; x_wconf 87' lang='grc' dir='ltr'><strong>Σύρου,</strong></span> <span class='ocrx_word' id='word_1_381' title='bbox 1442 4174 1538 4229; x_wconf 83' lang='grc' dir='ltr'><strong>τοῦ</strong></span> <span class='ocrx_word' id='word_1_382' title='bbox 1579 4175 1766 4231; x_wconf 87' lang='grc' dir='ltr'><strong>λαϐεῖν</strong></span> <span class='ocrx_word' id='word_1_383' title='bbox 1809 4178 1876 4231; x_wconf 90' lang='grc' dir='ltr'><strong>ἐκ</strong></span> 
     </span>
    </p>
   </div>
   <div class='ocr_carea' id='block_1_54' title="bbox 275 4256 1876 4337">
    <p class='ocr_par' dir='ltr' id='par_1_54' title="bbox 275 4256 1876 4337">
     <span class='ocr_line' id='line_1_54' title="bbox 275 4256 1876 4337; baseline 0.001 -19"><span class='ocrx_word' id='word_1_384' title='bbox 275 4266 474 4336; x_wconf 83' lang='grc' dir='ltr'><strong>χειρός</strong></span> <span class='ocrx_word' id='word_1_385' title='bbox 501 4263 668 4317; x_wconf 80' lang='grc' dir='ltr'><strong>αὑτοῦ</strong></span> <span class='ocrx_word' id='word_1_386' title='bbox 704 4256 779 4318; x_wconf 86' lang='grc' dir='ltr'><strong>ὧν</strong></span> <span class='ocrx_word' id='word_1_387' title='bbox 812 4265 1055 4335; x_wconf 85' lang='grc' dir='ltr'><strong>ἐνήνοχε.</strong></span> <span class='ocrx_word' id='word_1_388' title='bbox 1090 4267 1164 4336; x_wconf 83' lang='grc' dir='ltr'><strong>Ζῇ</strong></span> <span class='ocrx_word' id='word_1_389' title='bbox 1207 4266 1435 4337; x_wconf 80' lang='grc' dir='ltr'><strong>Κύριος,</strong></span> <span class='ocrx_word' id='word_1_390' title='bbox 1465 4268 1514 4319; x_wconf 83' lang='grc' dir='ltr'><strong>εί</strong></span> <span class='ocrx_word' id='word_1_391' title='bbox 1542 4267 1617 4337; x_wconf 83' lang='grc' dir='ltr'><strong>μὴ</strong></span> <span class='ocrx_word' id='word_1_392' title='bbox 1649 4266 1876 4336; x_wconf 78' lang='grc' dir='ltr'><strong>δράμω-</strong></span> 
     </span>
    </p>
   </div>
   <div class='ocr_carea' id='block_1_55' title="bbox 284 4352 1877 4427">
    <p class='ocr_par' dir='ltr' id='par_1_55' title="bbox 284 4352 1877 4427">
     <span class='ocr_line' id='line_1_55' title="bbox 284 4352 1877 4427; baseline 0.001 -18"><span class='ocrx_word' id='word_1_393' title='bbox 284 4373 391 4425; x_wconf 88' lang='grc' dir='ltr'><strong>μαι</strong></span> <span class='ocrx_word' id='word_1_394' title='bbox 453 4354 635 4408; x_wconf 85' lang='grc' dir='ltr'><strong>ὀπίσω</strong></span> <span class='ocrx_word' id='word_1_395' title='bbox 659 4352 847 4420; x_wconf 79' lang='grc' dir='ltr'><strong>αὐτοῦ,</strong></span> <span class='ocrx_word' id='word_1_396' title='bbox 885 4355 982 4408; x_wconf 77' lang='grc' dir='ltr'><strong>καὶ</strong></span> <span class='ocrx_word' id='word_1_397' title='bbox 1004 4353 1264 4426; x_wconf 79' lang='grc' dir='ltr'><strong>λήψωμαι</strong></span> <span class='ocrx_word' id='word_1_398' title='bbox 1297 4357 1429 4427; x_wconf 82' lang='grc' dir='ltr'><strong>παρ’</strong></span> <span class='ocrx_word' id='word_1_399' title='bbox 1459 4355 1626 4410; x_wconf 82' lang='grc' dir='ltr'><strong>αὐτοῦ</strong></span> <span class='ocrx_word' id='word_1_400' title='bbox 1655 4373 1734 4410; x_wconf 90' lang='grc' dir='ltr'><strong>τι.</strong></span> <span class='ocrx_word' id='word_1_401' title='bbox 1765 4358 1877 4412; x_wconf 86' lang='lat' dir='ltr'><strong>Kal</strong></span> 
     </span>
    </p>
   </div>
   <div class='ocr_carea' id='block_1_56' title="bbox 281 4444 1873 4520">
    <p class='ocr_par' dir='ltr' id='par_1_56' title="bbox 281 4444 1873 4520">
     <span class='ocr_line' id='line_1_56' title="bbox 281 4444 1873 4520; baseline 0.001 -19"><span class='ocrx_word' id='word_1_402' title='bbox 281 4446 486 4511; x_wconf 73' lang='grc' dir='ltr'><strong>ἐδίωξε</strong></span> <span class='ocrx_word' id='word_1_403' title='bbox 519 4444 684 4515; x_wconf 78' lang='grc' dir='ltr'><strong>Γιεζῆ</strong></span> <span class='ocrx_word' id='word_1_404' title='bbox 713 4445 892 4500; x_wconf 82' lang='grc' dir='ltr'><strong>ὀπίσω</strong></span> <span class='ocrx_word' id='word_1_405' title='bbox 942 4446 1188 4517; x_wconf 83' lang='grc' dir='ltr'><strong>Νεεμάν.</strong></span> <span class='ocrx_word' id='word_1_406' title='bbox 1221 4465 1241 4499; x_wconf 70' lang='grc' dir='ltr'><strong>ι</strong></span> <span class='ocrx_word' id='word_1_407' title='bbox 1296 4448 1407 4502; x_wconf 86' lang='lat' dir='ltr'><strong>Kal</strong></span> <span class='ocrx_word' id='word_1_408' title='bbox 1454 4446 1594 4519; x_wconf 83' lang='grc' dir='ltr'><strong>μετὰ</strong></span> <span class='ocrx_word' id='word_1_409' title='bbox 1624 4447 1834 4520; x_wconf 80' lang='grc' dir='ltr'><strong>βραχέα</strong></span> <span class='ocrx_word' id='word_1_410' title='bbox 1858 4464 1873 4478; x_wconf 90' lang='grc'><strong>·</strong></span> 
     </span>
    </p>
   </div>
   <div class='ocr_carea' id='block_1_57' title="bbox 1955 1434 3540 1505">
    <p class='ocr_par' dir='ltr' id='par_1_57' title="bbox 1955 1434 3540 1505">
     <span class='ocr_line' id='line_1_57' title="bbox 1955 1434 3540 1505; baseline 0 -16"><span class='ocrx_word' id='word_1_411' title='bbox 1955 1443 2308 1505; x_wconf 83' lang='lat' dir='ltr'><strong>potestatem,</strong></span> <span class='ocrx_word' id='word_1_412' title='bbox 2346 1443 2406 1489; x_wconf 89' lang='lat' dir='ltr'><strong>ut</strong></span> <span class='ocrx_word' id='word_1_413' title='bbox 2433 1434 2746 1504; x_wconf 88' lang='lat' dir='ltr'><strong>cuicunque</strong></span> <span class='ocrx_word' id='word_1_414' title='bbox 2782 1434 3104 1503; x_wconf 86' lang='lat' dir='ltr'><strong>imposuere</strong></span> <span class='ocrx_word' id='word_1_415' title='bbox 3141 1450 3359 1502; x_wconf 88' lang='lat' dir='ltr'><strong>manus,</strong></span> <span class='ocrx_word' id='word_1_416' title='bbox 3392 1441 3540 1490; x_wconf 90' lang='lat' dir='ltr'><strong>acci-</strong></span> 
     </span>
    </p>
   </div>
   <div class='ocr_carea' id='block_1_58' title="bbox 1955 1523 3539 1597">
    <p class='ocr_par' dir='ltr' id='par_1_58' title="bbox 1955 1523 3539 1597">
     <span class='ocr_line' id='line_1_58' title="bbox 1955 1523 3539 1597; baseline -0.001 -16"><span class='ocrx_word' id='word_1_417' title='bbox 1955 1526 2072 1597; x_wconf 88' lang='lat' dir='ltr'><strong>piat</strong></span> <span class='ocrx_word' id='word_1_418' title='bbox 2110 1524 2379 1596; x_wconf 72' lang='lat' dir='ltr'><strong>Spiritum</strong></span> <span class='ocrx_word' id='word_1_419' title='bbox 2439 1532 2717 1580; x_wconf 85' lang='lat' dir='ltr'><strong>sanctum.</strong></span> <span class='ocrx_word' id='word_1_420' title='bbox 2779 1523 2980 1580; x_wconf 78' lang='lat' dir='ltr'><strong>Petrus</strong></span> <span class='ocrx_word' id='word_1_421' title='bbox 3043 1535 3227 1579; x_wconf 83' lang='lat' dir='ltr'><strong>autem</strong></span> <span class='ocrx_word' id='word_1_422' title='bbox 3279 1525 3418 1580; x_wconf 79' lang='lat' dir='ltr'><strong>dixit</strong></span> <span class='ocrx_word' id='word_1_423' title='bbox 3469 1528 3539 1580; x_wconf 84' lang='lat' dir='ltr'><strong>ad</strong></span> 
     </span>
    </p>
   </div>
   <div class='ocr_carea' id='block_1_59' title="bbox 1957 1616 3542 1689">
    <p class='ocr_par' dir='ltr' id='par_1_59' title="bbox 1957 1616 3542 1689">
     <span class='ocr_line' id='line_1_59' title="bbox 1957 1616 3542 1689; baseline -0.001 -16"><span class='ocrx_word' id='word_1_424' title='bbox 1957 1633 2126 1674; x_wconf 82' lang='lat' dir='ltr'><strong>eum:</strong></span> <span class='ocrx_word' id='word_1_425' title='bbox 2166 1618 2408 1674; x_wconf 85' lang='lat' dir='ltr'><strong>Pecunia</strong></span> <span class='ocrx_word' id='word_1_426' title='bbox 2440 1626 2530 1671; x_wconf 90' lang='lat' dir='ltr'><strong>tua</strong></span> <span class='ocrx_word' id='word_1_427' title='bbox 2566 1626 2749 1672; x_wconf 87' lang='lat' dir='ltr'><strong>tecum</strong></span> <span class='ocrx_word' id='word_1_428' title='bbox 2779 1618 2852 1673; x_wconf 88' lang='lat' dir='ltr'><strong>sit</strong></span> <span class='ocrx_word' id='word_1_429' title='bbox 2879 1617 2936 1671; x_wconf 91' lang='lat' dir='ltr'><strong>in</strong></span> <span class='ocrx_word' id='word_1_430' title='bbox 2983 1616 3371 1686; x_wconf 83' lang='lat' dir='ltr'><strong>perditionem,</strong></span> <span class='ocrx_word' id='word_1_431' title='bbox 3413 1617 3542 1689; x_wconf 83' lang='lat' dir='ltr'><strong>quia</strong></span> 
     </span>
    </p>
   </div>
   <div class='ocr_carea' id='block_1_60' title="bbox 1958 1708 3545 1781">
    <p class='ocr_par' dir='ltr' id='par_1_60' title="bbox 1958 1708 3545 1781">
     <span class='ocr_line' id='line_1_60' title="bbox 1958 1708 3545 1781; baseline -0.001 -14"><span class='ocrx_word' id='word_1_432' title='bbox 1958 1711 2163 1768; x_wconf 83' lang='lat' dir='ltr'><strong>donum</strong></span> <span class='ocrx_word' id='word_1_433' title='bbox 2194 1710 2290 1767; x_wconf 88' lang='lat' dir='ltr'><strong>Dei</strong></span> <span class='ocrx_word' id='word_1_434' title='bbox 2321 1709 2653 1767; x_wconf 83' lang='lat' dir='ltr'><strong>existimasti</strong></span> <span class='ocrx_word' id='word_1_435' title='bbox 2681 1710 2914 1781; x_wconf 87' lang='lat' dir='ltr'><strong>pecunia</strong></span> <span class='ocrx_word' id='word_1_436' title='bbox 2954 1708 3264 1780; x_wconf 89' lang='lat' dir='ltr'><strong>possidere.</strong></span> <span class='ocrx_word' id='word_1_437' title='bbox 3298 1710 3417 1765; x_wconf 82' lang='lat' dir='ltr'><strong>Non</strong></span> <span class='ocrx_word' id='word_1_438' title='bbox 3457 1720 3545 1767; x_wconf 80' lang='lat' dir='ltr'><strong>est</strong></span> 
     </span>
    </p>
   </div>
   <div class='ocr_carea' id='block_1_61' title="bbox 1960 1802 3544 1875">
    <p class='ocr_par' dir='ltr' id='par_1_61' title="bbox 1960 1802 3544 1875">
     <span class='ocr_line' id='line_1_61' title="bbox 1960 1802 3544 1875; baseline -0.003 -15"><span class='ocrx_word' id='word_1_439' title='bbox 1960 1804 2060 1860; x_wconf 84' lang='lat' dir='ltr'><strong>tibi</strong></span> <span class='ocrx_word' id='word_1_440' title='bbox 2112 1819 2258 1875; x_wconf 87' lang='lat' dir='ltr'><strong>pars,</strong></span> <span class='ocrx_word' id='word_1_441' title='bbox 2307 1818 2487 1874; x_wconf 88' lang='lat' dir='ltr'><strong>neque</strong></span> <span class='ocrx_word' id='word_1_442' title='bbox 2513 1817 2636 1858; x_wconf 89' lang='lat' dir='ltr'><strong>sors</strong></span> <span class='ocrx_word' id='word_1_443' title='bbox 2695 1803 2749 1857; x_wconf 92' lang='lat' dir='ltr'><strong>in</strong></span> <span class='ocrx_word' id='word_1_444' title='bbox 2780 1816 3035 1858; x_wconf 85' lang='lat' dir='ltr'><strong>sermone</strong></span> <span class='ocrx_word' id='word_1_445' title='bbox 3062 1802 3203 1857; x_wconf 88' lang='lat' dir='ltr'><strong>isto:</strong></span> <span class='ocrx_word' id='word_1_446' title='bbox 3256 1816 3352 1857; x_wconf 87' lang='lat' dir='ltr'><strong>cor</strong></span> <span class='ocrx_word' id='word_1_447' title='bbox 3393 1802 3544 1857; x_wconf 88' lang='lat' dir='ltr'><strong>enim</strong></span> 
     </span>
    </p>
   </div>
   <div class='ocr_carea' id='block_1_62' title="bbox 1959 1890 3545 1955">
    <p class='ocr_par' dir='ltr' id='par_1_62' title="bbox 1959 1890 3545 1955">
     <span class='ocr_line' id='line_1_62' title="bbox 1959 1890 3545 1955; baseline -0.004 0"><span class='ocrx_word' id='word_1_448' title='bbox 1959 1906 2114 1955; x_wconf 91' lang='lat' dir='ltr'><strong>tuum</strong></span> <span class='ocrx_word' id='word_1_449' title='bbox 2144 1912 2253 1951; x_wconf 91' lang='lat' dir='ltr'><strong>non</strong></span> <span class='ocrx_word' id='word_1_450' title='bbox 2300 1890 2405 1952; x_wconf 81' lang='lat' dir='ltr'><strong>est</strong></span> <span class='ocrx_word' id='word_1_451' title='bbox 2443 1903 2656 1950; x_wconf 82' lang='lat' dir='ltr'><strong>rectum</strong></span> <span class='ocrx_word' id='word_1_452' title='bbox 2711 1909 2901 1951; x_wconf 90' lang='lat' dir='ltr'><strong>coram</strong></span> <span class='ocrx_word' id='word_1_453' title='bbox 2962 1893 3093 1950; x_wconf 91' lang='lat' dir='ltr'><strong>Deo.</strong></span> <span class='ocrx_word' id='word_1_454' title='bbox 3151 1892 3545 1950; x_wconf 67' lang='lat' dir='ltr'><strong>Paenitentiam</strong></span> 
     </span>
    </p>
   </div>
   <div class='ocr_carea' id='block_1_63' title="bbox 1961 1986 3545 2061">
    <p class='ocr_par' dir='ltr' id='par_1_63' title="bbox 1961 1986 3545 2061">
     <span class='ocr_line' id='line_1_63' title="bbox 1961 1986 3545 2061; baseline -0.001 -17"><span class='ocrx_word' id='word_1_455' title='bbox 1961 1991 2148 2061; x_wconf 86' lang='lat' dir='ltr'><strong>itaque</strong></span> <span class='ocrx_word' id='word_1_456' title='bbox 2181 2004 2282 2060; x_wconf 89' lang='lat' dir='ltr'><strong>age</strong></span> <span class='ocrx_word' id='word_1_457' title='bbox 2324 1989 2395 2043; x_wconf 89' lang='lat' dir='ltr'><strong>ab</strong></span> <span class='ocrx_word' id='word_1_458' title='bbox 2435 1987 2539 2042; x_wconf 77' lang='lat' dir='ltr'><strong>bac</strong></span> <span class='ocrx_word' id='word_1_459' title='bbox 2568 1987 2815 2057; x_wconf 88' lang='lat' dir='ltr'><strong>nequitia</strong></span> <span class='ocrx_word' id='word_1_460' title='bbox 2842 1995 2957 2052; x_wconf 88' lang='lat' dir='ltr'><strong>tua,</strong></span> <span class='ocrx_word' id='word_1_461' title='bbox 2989 1995 3046 2041; x_wconf 91' lang='lat' dir='ltr'><strong>et</strong></span> <span class='ocrx_word' id='word_1_462' title='bbox 3102 2001 3231 2057; x_wconf 87' lang='lat' dir='ltr'><strong>roga</strong></span> <span class='ocrx_word' id='word_1_463' title='bbox 3260 1986 3457 2052; x_wconf 91' lang='lat' dir='ltr'><strong>Deum,</strong></span> <span class='ocrx_word' id='word_1_464' title='bbox 3495 1987 3545 2042; x_wconf 89' lang='lat' dir='ltr'><strong>si</strong></span> 
     </span>
    </p>
   </div>
   <div class='ocr_carea' id='block_1_64' title="bbox 1960 2075 3544 2148">
    <p class='ocr_par' dir='ltr' id='par_1_64' title="bbox 1960 2075 3544 2148">
     <span class='ocr_line' id='line_1_64' title="bbox 1960 2075 3544 2148; baseline -0.004 -12"><span class='ocrx_word' id='word_1_465' title='bbox 1960 2080 2103 2136; x_wconf 83' lang='lat' dir='ltr'><strong>forte</strong></span> <span class='ocrx_word' id='word_1_466' title='bbox 2132 2080 2445 2136; x_wconf 86' lang='lat' dir='ltr'><strong>remittatur</strong></span> <span class='ocrx_word' id='word_1_467' title='bbox 2495 2078 2595 2133; x_wconf 90' lang='lat' dir='ltr'><strong>tibi</strong></span> <span class='ocrx_word' id='word_1_468' title='bbox 2631 2078 2748 2133; x_wconf 60' lang='lat' dir='ltr'><strong>haec</strong></span> <span class='ocrx_word' id='word_1_469' title='bbox 2791 2078 3056 2148; x_wconf 80' lang='lat' dir='ltr'><strong>cogitatio</strong></span> <span class='ocrx_word' id='word_1_470' title='bbox 3101 2077 3287 2131; x_wconf 87' lang='lat' dir='ltr'><strong>cordis</strong></span> <span class='ocrx_word' id='word_1_471' title='bbox 3340 2077 3440 2130; x_wconf 90' lang='lat' dir='ltr'><strong>tui.</strong></span> <span class='ocrx_word' id='word_1_472' title='bbox 3484 2075 3544 2130; x_wconf 85' lang='lat' dir='ltr'><strong>In</strong></span> 
     </span>
    </p>
   </div>
   <div class='ocr_carea' id='block_1_65' title="bbox 1960 2167 3547 2240">
    <p class='ocr_par' dir='ltr' id='par_1_65' title="bbox 1960 2167 3547 2240">
     <span class='ocr_line' id='line_1_65' title="bbox 1960 2167 3547 2240; baseline -0.006 -9"><span class='ocrx_word' id='word_1_473' title='bbox 1960 2173 2088 2231; x_wconf 78' lang='lat' dir='ltr'><strong>felle</strong></span> <span class='ocrx_word' id='word_1_474' title='bbox 2116 2173 2265 2229; x_wconf 89' lang='lat' dir='ltr'><strong>enim</strong></span> <span class='ocrx_word' id='word_1_475' title='bbox 2304 2170 2693 2227; x_wconf 85' lang='lat' dir='ltr'><strong>amaritudinis</strong></span> <span class='ocrx_word' id='word_1_476' title='bbox 2742 2177 2799 2225; x_wconf 88' lang='lat' dir='ltr'><strong>et</strong></span> <span class='ocrx_word' id='word_1_477' title='bbox 2847 2168 3184 2240; x_wconf 77' lang='lat' dir='ltr'><strong>obligatione</strong></span> <span class='ocrx_word' id='word_1_478' title='bbox 3235 2167 3547 2238; x_wconf 81' lang='lat' dir='ltr'><strong>iniquitatis</strong></span> 
     </span>
    </p>
   </div>
   <div class='ocr_carea' id='block_1_66' title="bbox 1961 2263 2510 2323">
    <p class='ocr_par' dir='ltr' id='par_1_66' title="bbox 1961 2263 2510 2323">
     <span class='ocr_line' id='line_1_66' title="bbox 1961 2263 2510 2323; baseline -0.013 0"><span class='ocrx_word' id='word_1_479' title='bbox 1961 2267 2122 2323; x_wconf 90' lang='lat' dir='ltr'><strong>video</strong></span> <span class='ocrx_word' id='word_1_480' title='bbox 2148 2276 2202 2321; x_wconf 88' lang='lat' dir='ltr'><strong>te</strong></span> <span class='ocrx_word' id='word_1_481' title='bbox 2223 2278 2347 2321; x_wconf 86' lang='lat' dir='ltr'><strong>esse</strong></span> <span class='ocrx_word' id='word_1_482' title='bbox 2377 2263 2456 2317; x_wconf 84' lang='grc'><strong>³⁸.</strong></span> <span class='ocrx_word' id='word_1_483' title='bbox 2489 2281 2510 2316; x_wconf 74' lang='grc' dir='ltr'><strong>ι</strong></span> 
     </span>
    </p>
   </div>
   <div class='ocr_carea' id='block_1_67' title="bbox 2365 2441 3162 2513">
    <p class='ocr_par' dir='ltr' id='par_1_67' title="bbox 2365 2441 3162 2513">
     <span class='ocr_line' id='line_1_67' title="bbox 2365 2441 3162 2513; baseline -0.001 -15"><span class='ocrx_word' id='word_1_484' title='bbox 2365 2443 2447 2498; x_wconf 79' lang='lat' dir='ltr'><strong>Ea:</strong></span> <span class='ocrx_word' id='word_1_485' title='bbox 2476 2443 2616 2498; x_wconf 82' lang='lat' dir='ltr'><strong>libro</strong></span> <span class='ocrx_word' id='word_1_486' title='bbox 2648 2444 2811 2513; x_wconf 77' lang='lat' dir='ltr'><strong>tertio</strong></span> <span class='ocrx_word' id='word_1_487' title='bbox 2841 2441 3162 2513; x_wconf 84' lang='lat' dir='ltr'><strong>Regnorum.</strong></span> 
     </span>
    </p>
   </div>
   <div class='ocr_carea' id='block_1_68' title="bbox 2037 2532 3548 2603">
    <p class='ocr_par' dir='ltr' id='par_1_68' title="bbox 2037 2532 3548 2603">
     <span class='ocr_line' id='line_1_68' title="bbox 2037 2532 3548 2603; baseline -0.002 -14"><span class='ocrx_word' id='word_1_488' title='bbox 2037 2554 2057 2589; x_wconf 80' lang='grc' dir='ltr'><strong>ι</strong></span> <span class='ocrx_word' id='word_1_489' title='bbox 2088 2533 2208 2591; x_wconf 87' lang='lat' dir='ltr'><strong>Non</strong></span> <span class='ocrx_word' id='word_1_490' title='bbox 2239 2544 2321 2591; x_wconf 87' lang='lat' dir='ltr'><strong>est</strong></span> <span class='ocrx_word' id='word_1_491' title='bbox 2344 2549 2600 2590; x_wconf 83' lang='lat' dir='ltr'><strong>reversus</strong></span> <span class='ocrx_word' id='word_1_492' title='bbox 2631 2532 2926 2589; x_wconf 82' lang='lat' dir='ltr'><strong>Jeroboam</strong></span> <span class='ocrx_word' id='word_1_493' title='bbox 2953 2533 3022 2589; x_wconf 90' lang='lat' dir='ltr'><strong>de</strong></span> <span class='ocrx_word' id='word_1_494' title='bbox 3051 2534 3136 2588; x_wconf 86' lang='lat' dir='ltr'><strong>via</strong></span> <span class='ocrx_word' id='word_1_495' title='bbox 3167 2548 3267 2589; x_wconf 90' lang='lat' dir='ltr'><strong>sua</strong></span> <span class='ocrx_word' id='word_1_496' title='bbox 3288 2533 3548 2603; x_wconf 82' lang='lat' dir='ltr'><strong>pessima.</strong></span> 
     </span>
    </p>
   </div>
   <div class='ocr_carea' id='block_1_69' title="bbox 1963 2625 3548 2698">
    <p class='ocr_par' dir='ltr' id='par_1_69' title="bbox 1963 2625 3548 2698">
     <span class='ocr_line' id='line_1_69' title="bbox 1963 2625 3548 2698; baseline -0.003 -14"><span class='ocrx_word' id='word_1_497' title='bbox 1963 2630 2057 2684; x_wconf 88' lang='lat' dir='ltr'><strong>sed</strong></span> <span class='ocrx_word' id='word_1_498' title='bbox 2083 2628 2421 2684; x_wconf 87' lang='lat' dir='ltr'><strong>econtrario</strong></span> <span class='ocrx_word' id='word_1_499' title='bbox 2454 2626 2586 2683; x_wconf 76' lang='lat' dir='ltr'><strong>fecit</strong></span> <span class='ocrx_word' id='word_1_500' title='bbox 2641 2627 2709 2681; x_wconf 91' lang='lat' dir='ltr'><strong>de</strong></span> <span class='ocrx_word' id='word_1_501' title='bbox 2742 2625 3063 2683; x_wconf 83' lang='lat' dir='ltr'><strong>novissimis</strong></span> <span class='ocrx_word' id='word_1_502' title='bbox 3111 2628 3301 2698; x_wconf 87' lang='lat' dir='ltr'><strong>populi</strong></span> <span class='ocrx_word' id='word_1_503' title='bbox 3358 2643 3548 2683; x_wconf 83' lang='lat' dir='ltr'><strong>sacer--</strong></span> 
     </span>
    </p>
   </div>
   <div class='ocr_carea' id='block_1_70' title="bbox 1962 2714 3547 2796">
    <p class='ocr_par' dir='ltr' id='par_1_70' title="bbox 1962 2714 3547 2796">
     <span class='ocr_line' id='line_1_70' title="bbox 1962 2714 3547 2796; baseline -0.001 -24"><span class='ocrx_word' id='word_1_504' title='bbox 1962 2717 2124 2796; x_wconf 87' lang='lat' dir='ltr'><strong>dotes</strong></span> <span class='ocrx_word' id='word_1_505' title='bbox 2153 2717 2522 2772; x_wconf 80' lang='lat' dir='ltr'><strong>excelsorum.</strong></span> <span class='ocrx_word' id='word_1_506' title='bbox 2574 2714 2906 2787; x_wconf 86' lang='lat' dir='ltr'><strong>Quicunque</strong></span> <span class='ocrx_word' id='word_1_507' title='bbox 2975 2716 3213 2783; x_wconf 89' lang='lat' dir='ltr'><strong>volebat,</strong></span> <span class='ocrx_word' id='word_1_508' title='bbox 3277 2717 3547 2785; x_wconf 83' lang='lat' dir='ltr'><strong>implebat</strong></span> 
     </span>
    </p>
   </div>
   <div class='ocr_carea' id='block_1_71' title="bbox 1961 2809 3553 2873">
    <p class='ocr_par' dir='ltr' id='par_1_71' title="bbox 1961 2809 3553 2873">
     <span class='ocr_line' id='line_1_71' title="bbox 1961 2809 3553 2873; baseline 0.001 -9"><span class='ocrx_word' id='word_1_509' title='bbox 1961 2825 2188 2865; x_wconf 89' lang='lat' dir='ltr'><strong>manum</strong></span> <span class='ocrx_word' id='word_1_510' title='bbox 2241 2826 2399 2866; x_wconf 90' lang='lat' dir='ltr'><strong>suam</strong></span> <span class='ocrx_word' id='word_1_511' title='bbox 2435 2817 2491 2865; x_wconf 88' lang='lat' dir='ltr'><strong>et</strong></span> <span class='ocrx_word' id='word_1_512' title='bbox 2522 2809 2686 2864; x_wconf 79' lang='lat' dir='ltr'><strong>ﬁebat</strong></span> <span class='ocrx_word' id='word_1_513' title='bbox 2733 2809 2996 2864; x_wconf 87' lang='lat' dir='ltr'><strong>sacerdos</strong></span> <span class='ocrx_word' id='word_1_514' title='bbox 3055 2810 3429 2873; x_wconf 82' lang='lat' dir='ltr'><strong>excelsorum,</strong></span> <span class='ocrx_word' id='word_1_515' title='bbox 3495 2819 3553 2865; x_wconf 89' lang='lat' dir='ltr'><strong>et</strong></span> 
     </span>
    </p>
   </div>
   <div class='ocr_carea' id='block_1_72' title="bbox 1962 2898 3550 2971">
    <p class='ocr_par' dir='ltr' id='par_1_72' title="bbox 1962 2898 3550 2971">
     <span class='ocr_line' id='line_1_72' title="bbox 1962 2898 3550 2971; baseline -0.002 -16"><span class='ocrx_word' id='word_1_516' title='bbox 1962 2909 2190 2971; x_wconf 89' lang='lat' dir='ltr'><strong>propter</strong></span> <span class='ocrx_word' id='word_1_517' title='bbox 2231 2900 2636 2954; x_wconf 87' lang='lat' dir='ltr'><strong>hanccausam</strong></span> <span class='ocrx_word' id='word_1_518' title='bbox 2676 2901 2921 2968; x_wconf 86' lang='lat' dir='ltr'><strong>peccavit</strong></span> <span class='ocrx_word' id='word_1_519' title='bbox 2969 2898 3168 2965; x_wconf 88' lang='lat' dir='ltr'><strong>domus</strong></span> <span class='ocrx_word' id='word_1_520' title='bbox 3228 2898 3550 2963; x_wconf 81' lang='lat' dir='ltr'><strong>Jeroboam,</strong></span> 
     </span>
    </p>
   </div>
   <div class='ocr_carea' id='block_1_73' title="bbox 1962 2990 3428 3062">
    <p class='ocr_par' dir='ltr' id='par_1_73' title="bbox 1962 2990 3428 3062">
     <span class='ocr_line' id='line_1_73' title="bbox 1962 2990 3428 3062; baseline -0.002 -14"><span class='ocrx_word' id='word_1_521' title='bbox 1962 3002 2018 3048; x_wconf 85' lang='lat' dir='ltr'><strong>et</strong></span> <span class='ocrx_word' id='word_1_522' title='bbox 2047 3007 2242 3048; x_wconf 86' lang='lat' dir='ltr'><strong>eversa</strong></span> <span class='ocrx_word' id='word_1_523' title='bbox 2264 3002 2370 3058; x_wconf 80' lang='lat' dir='ltr'><strong>est,</strong></span> <span class='ocrx_word' id='word_1_524' title='bbox 2402 3000 2458 3055; x_wconf 85' lang='lat' dir='ltr'><strong>et</strong></span> <span class='ocrx_word' id='word_1_525' title='bbox 2474 2990 2654 3046; x_wconf 86' lang='lat' dir='ltr'><strong>deleta</strong></span> <span class='ocrx_word' id='word_1_526' title='bbox 2682 2992 2918 3062; x_wconf 87' lang='lat' dir='ltr'><strong>desuper</strong></span> <span class='ocrx_word' id='word_1_527' title='bbox 2949 2990 3089 3047; x_wconf 80' lang='lat' dir='ltr'><strong>facie</strong></span> <span class='ocrx_word' id='word_1_528' title='bbox 3121 3001 3282 3048; x_wconf 82' lang='lat' dir='ltr'><strong>terrae</strong></span> <span class='ocrx_word' id='word_1_529' title='bbox 3312 2994 3379 3047; x_wconf 83' lang='grc'><strong>³’.</strong></span> <span class='ocrx_word' id='word_1_530' title='bbox 3409 3012 3428 3045; x_wconf 72' lang='grc' dir='ltr'><strong>ι</strong></span> 
     </span>
    </p>
   </div>
   <div class='ocr_carea' id='block_1_74' title="bbox 2110 3188 3505 3264">
    <p class='ocr_par' dir='ltr' id='par_1_74' title="bbox 2110 3188 3505 3264">
     <span class='ocr_line' id='line_1_74' title="bbox 2110 3188 3505 3264; baseline 0.004 -21"><span class='ocrx_word' id='word_1_531' title='bbox 2110 3188 2196 3243; x_wconf 80' lang='lat' dir='ltr'><strong>Ea:</strong></span> <span class='ocrx_word' id='word_1_532' title='bbox 2233 3188 2371 3244; x_wconf 81' lang='lat' dir='ltr'><strong>libro</strong></span> <span class='ocrx_word' id='word_1_533' title='bbox 2401 3200 2596 3261; x_wconf 86' lang='lat' dir='ltr'><strong>quarto</strong></span> <span class='ocrx_word' id='word_1_534' title='bbox 2628 3190 2954 3263; x_wconf 74' lang='lat' dir='ltr'><strong>Regnorum,</strong></span> <span class='ocrx_word' id='word_1_535' title='bbox 2985 3192 3050 3247; x_wconf 84' lang='lat' dir='ltr'><strong>de</strong></span> <span class='ocrx_word' id='word_1_536' title='bbox 3068 3192 3216 3263; x_wconf 82' lang='lat' dir='ltr'><strong>lepra</strong></span> <span class='ocrx_word' id='word_1_537' title='bbox 3241 3192 3412 3249; x_wconf 66' lang='grc' dir='ltr'><strong>αἱαὶ.</strong></span> <span class='ocrx_word' id='word_1_538' title='bbox 3498 3256 3505 3264; x_wconf 48' lang='grc'><strong>,</strong></span> 
     </span>
    </p>
   </div>
   <div class='ocr_carea' id='block_1_75' title="bbox 2044 3342 3556 3414">
    <p class='ocr_par' dir='ltr' id='par_1_75' title="bbox 2044 3342 3556 3414">
     <span class='ocr_line' id='line_1_75' title="bbox 2044 3342 3556 3414; baseline 0.003 -18"><span class='ocrx_word' id='word_1_539' title='bbox 2044 3362 2063 3396; x_wconf 82' lang='grc' dir='ltr'><strong>ι</strong></span> <span class='ocrx_word' id='word_1_540' title='bbox 2099 3343 2483 3414; x_wconf 67' lang='lat' dir='ltr'><strong>“eversosque</strong></span> <span class='ocrx_word' id='word_1_541' title='bbox 2532 3342 2775 3399; x_wconf 83' lang='lat' dir='ltr'><strong>Naaman</strong></span> <span class='ocrx_word' id='word_1_542' title='bbox 2812 3342 2878 3399; x_wconf 86' lang='lat' dir='ltr'><strong>ad</strong></span> <span class='ocrx_word' id='word_1_543' title='bbox 2928 3345 3106 3401; x_wconf 83' lang='lat' dir='ltr'><strong>virum</strong></span> <span class='ocrx_word' id='word_1_544' title='bbox 3146 3345 3237 3400; x_wconf 89' lang='lat' dir='ltr'><strong>Dei</strong></span> <span class='ocrx_word' id='word_1_545' title='bbox 3279 3362 3403 3402; x_wconf 89' lang='lat' dir='ltr'><strong>cum</strong></span> <span class='ocrx_word' id='word_1_546' title='bbox 3430 3348 3521 3402; x_wconf 83' lang='grc' dir='ltr'><strong>ιιιιί</strong></span> <span class='ocrx_word' id='word_1_547' title='bbox 3536 3376 3556 3389; x_wconf 83' lang='grc'><strong><em>-</em></strong></span> 
     </span>
    </p>
   </div>
   <div class='ocr_carea' id='block_1_76' title="bbox 1969 3437 3557 3504">
    <p class='ocr_par' dir='ltr' id='par_1_76' title="bbox 1969 3437 3557 3504">
     <span class='ocr_line' id='line_1_76' title="bbox 1969 3437 3557 3504; baseline 0.003 -12"><span class='ocrx_word' id='word_1_548' title='bbox 1969 3452 2131 3492; x_wconf 85' lang='lat' dir='ltr'><strong>verso</strong></span> <span class='ocrx_word' id='word_1_549' title='bbox 2174 3438 2439 3492; x_wconf 86' lang='lat' dir='ltr'><strong>comitatu</strong></span> <span class='ocrx_word' id='word_1_550' title='bbox 2467 3451 2592 3504; x_wconf 88' lang='lat' dir='ltr'><strong>suo,</strong></span> <span class='ocrx_word' id='word_1_551' title='bbox 2632 3437 2784 3491; x_wconf 82' lang='lat' dir='ltr'><strong>venit</strong></span> <span class='ocrx_word' id='word_1_552' title='bbox 2829 3448 2884 3492; x_wconf 84' lang='lat' dir='ltr'><strong>et</strong></span> <span class='ocrx_word' id='word_1_553' title='bbox 2925 3438 3077 3492; x_wconf 91' lang='lat' dir='ltr'><strong>stetit</strong></span> <span class='ocrx_word' id='word_1_554' title='bbox 3124 3453 3313 3493; x_wconf 90' lang='lat' dir='ltr'><strong>coram</strong></span> <span class='ocrx_word' id='word_1_555' title='bbox 3364 3455 3454 3502; x_wconf 85' lang='lat' dir='ltr'><strong>eo,</strong></span> <span class='ocrx_word' id='word_1_556' title='bbox 3500 3451 3557 3497; x_wconf 87' lang='lat' dir='ltr'><strong>et</strong></span> 
     </span>
    </p>
   </div>
   <div class='ocr_carea' id='block_1_77' title="bbox 1969 3527 3554 3598">
    <p class='ocr_par' dir='ltr' id='par_1_77' title="bbox 1969 3527 3554 3598">
     <span class='ocr_line' id='line_1_77' title="bbox 1969 3527 3554 3598; baseline 0.001 -14"><span class='ocrx_word' id='word_1_557' title='bbox 1969 3529 2048 3584; x_wconf 89' lang='lat' dir='ltr'><strong>ait</strong></span> <span class='ocrx_word' id='word_1_558' title='bbox 2078 3546 2093 3581; x_wconf 88' lang='lat'><strong>:</strong></span> <span class='ocrx_word' id='word_1_559' title='bbox 2144 3528 2284 3583; x_wconf 81' lang='lat' dir='ltr'><strong>Vere</strong></span> <span class='ocrx_word' id='word_1_560' title='bbox 2310 3529 2428 3584; x_wconf 91' lang='lat' dir='ltr'><strong>scio</strong></span> <span class='ocrx_word' id='word_1_561' title='bbox 2457 3527 2605 3598; x_wconf 88' lang='lat' dir='ltr'><strong>quod</strong></span> <span class='ocrx_word' id='word_1_562' title='bbox 2636 3543 2745 3582; x_wconf 88' lang='lat' dir='ltr'><strong>non</strong></span> <span class='ocrx_word' id='word_1_563' title='bbox 2770 3527 2844 3583; x_wconf 92' lang='lat' dir='ltr'><strong>sit</strong></span> <span class='ocrx_word' id='word_1_564' title='bbox 2879 3529 3021 3583; x_wconf 90' lang='lat' dir='ltr'><strong>Deus</strong></span> <span class='ocrx_word' id='word_1_565' title='bbox 3051 3529 3192 3584; x_wconf 89' lang='lat' dir='ltr'><strong>alius</strong></span> <span class='ocrx_word' id='word_1_566' title='bbox 3218 3528 3272 3582; x_wconf 92' lang='lat' dir='ltr'><strong>in</strong></span> <span class='ocrx_word' id='word_1_567' title='bbox 3293 3531 3554 3585; x_wconf 82' lang='lat' dir='ltr'><strong>universa</strong></span> 
     </span>
    </p>
   </div>
   <div class='ocr_carea' id='block_1_78' title="bbox 1969 3620 3558 3693">
    <p class='ocr_par' dir='ltr' id='par_1_78' title="bbox 1969 3620 3558 3693">
     <span class='ocr_line' id='line_1_78' title="bbox 1969 3620 3558 3693; baseline 0.001 -16"><span class='ocrx_word' id='word_1_568' title='bbox 1969 3633 2143 3686; x_wconf 78' lang='lat' dir='ltr'><strong>terra,</strong></span> <span class='ocrx_word' id='word_1_569' title='bbox 2185 3620 2292 3674; x_wconf 90' lang='lat' dir='ltr'><strong>nisi</strong></span> <span class='ocrx_word' id='word_1_570' title='bbox 2340 3629 2551 3675; x_wconf 89' lang='lat' dir='ltr'><strong>tantum</strong></span> <span class='ocrx_word' id='word_1_571' title='bbox 2601 3620 2656 3673; x_wconf 91' lang='lat' dir='ltr'><strong>in</strong></span> <span class='ocrx_word' id='word_1_572' title='bbox 2704 3620 2892 3676; x_wconf 84' lang='lat' dir='ltr'><strong>Israel.</strong></span> <span class='ocrx_word' id='word_1_573' title='bbox 2941 3620 3185 3677; x_wconf 87' lang='lat' dir='ltr'><strong>Obsecro</strong></span> <span class='ocrx_word' id='word_1_574' title='bbox 3238 3623 3442 3693; x_wconf 88' lang='lat' dir='ltr'><strong>itaque,</strong></span> <span class='ocrx_word' id='word_1_575' title='bbox 3497 3634 3558 3679; x_wconf 92' lang='lat' dir='ltr'><strong>ut</strong></span> 
     </span>
    </p>
   </div>
   <div class='ocr_carea' id='block_1_79' title="bbox 1969 3711 3555 3783">
    <p class='ocr_par' dir='ltr' id='par_1_79' title="bbox 1969 3711 3555 3783">
     <span class='ocr_line' id='line_1_79' title="bbox 1969 3711 3555 3783; baseline -0.001 -14"><span class='ocrx_word' id='word_1_576' title='bbox 1969 3712 2210 3783; x_wconf 87' lang='lat' dir='ltr'><strong>accipias</strong></span> <span class='ocrx_word' id='word_1_577' title='bbox 2241 3711 2678 3766; x_wconf 90' lang='lat' dir='ltr'><strong>benedictionem</strong></span> <span class='ocrx_word' id='word_1_578' title='bbox 2713 3727 2742 3766; x_wconf 89' lang='lat' dir='ltr'><strong>a</strong></span> <span class='ocrx_word' id='word_1_579' title='bbox 2767 3728 2931 3767; x_wconf 87' lang='lat' dir='ltr'><strong>servo</strong></span> <span class='ocrx_word' id='word_1_580' title='bbox 2964 3723 3079 3768; x_wconf 92' lang='lat' dir='ltr'><strong>tuo.</strong></span> <span class='ocrx_word' id='word_1_581' title='bbox 3107 3713 3177 3768; x_wconf 89' lang='lat' dir='ltr'><strong>At</strong></span> <span class='ocrx_word' id='word_1_582' title='bbox 3202 3714 3292 3769; x_wconf 89' lang='lat' dir='ltr'><strong>ille</strong></span> <span class='ocrx_word' id='word_1_583' title='bbox 3330 3731 3555 3783; x_wconf 82' lang='lat' dir='ltr'><strong>respon-</strong></span> 
     </span>
    </p>
   </div>
   <div class='ocr_carea' id='block_1_80' title="bbox 1971 3803 3553 3876">
    <p class='ocr_par' dir='ltr' id='par_1_80' title="bbox 1971 3803 3553 3876">
     <span class='ocr_line' id='line_1_80' title="bbox 1971 3803 3553 3876; baseline 0.002 -16"><span class='ocrx_word' id='word_1_584' title='bbox 1971 3804 2051 3861; x_wconf 91' lang='lat' dir='ltr'><strong>dit</strong></span> <span class='ocrx_word' id='word_1_585' title='bbox 2076 3823 2089 3859; x_wconf 89' lang='lat'><strong>:</strong></span> <span class='ocrx_word' id='word_1_586' title='bbox 2131 3803 2274 3859; x_wconf 84' lang='lat' dir='ltr'><strong>Vivit</strong></span> <span class='ocrx_word' id='word_1_587' title='bbox 2303 3803 2588 3867; x_wconf 91' lang='lat' dir='ltr'><strong>Dominus,</strong></span> <span class='ocrx_word' id='word_1_588' title='bbox 2613 3813 2742 3859; x_wconf 87' lang='lat' dir='ltr'><strong>ante</strong></span> <span class='ocrx_word' id='word_1_589' title='bbox 2766 3820 2929 3875; x_wconf 89' lang='lat' dir='ltr'><strong>quem</strong></span> <span class='ocrx_word' id='word_1_590' title='bbox 2961 3815 3068 3872; x_wconf 90' lang='lat' dir='ltr'><strong>sto,</strong></span> <span class='ocrx_word' id='word_1_591' title='bbox 3093 3807 3222 3876; x_wconf 87' lang='lat' dir='ltr'><strong>quia</strong></span> <span class='ocrx_word' id='word_1_592' title='bbox 3251 3823 3361 3861; x_wconf 92' lang='lat' dir='ltr'><strong>non</strong></span> <span class='ocrx_word' id='word_1_593' title='bbox 3397 3810 3553 3863; x_wconf 86' lang='lat' dir='ltr'><strong>acci-</strong></span> 
     </span>
    </p>
   </div>
   <div class='ocr_carea' id='block_1_81' title="bbox 1971 3896 3557 3971">
    <p class='ocr_par' dir='ltr' id='par_1_81' title="bbox 1971 3896 3557 3971">
     <span class='ocr_line' id='line_1_81' title="bbox 1971 3896 3557 3971; baseline 0 -16"><span class='ocrx_word' id='word_1_594' title='bbox 1971 3900 2144 3971; x_wconf 86' lang='lat' dir='ltr'><strong>piam.</strong></span> <span class='ocrx_word' id='word_1_595' title='bbox 2174 3898 2428 3968; x_wconf 88' lang='lat' dir='ltr'><strong>Cumque</strong></span> <span class='ocrx_word' id='word_1_596' title='bbox 2452 3896 2563 3951; x_wconf 84' lang='lat' dir='ltr'><strong>vim</strong></span> <span class='ocrx_word' id='word_1_597' title='bbox 2597 3896 2825 3965; x_wconf 79' lang='lat' dir='ltr'><strong>faceret,</strong></span> <span class='ocrx_word' id='word_1_598' title='bbox 2878 3899 3101 3968; x_wconf 90' lang='lat' dir='ltr'><strong>penitus</strong></span> <span class='ocrx_word' id='word_1_599' title='bbox 3168 3913 3279 3954; x_wconf 92' lang='lat' dir='ltr'><strong>non</strong></span> <span class='ocrx_word' id='word_1_600' title='bbox 3321 3916 3557 3970; x_wconf 80' lang='lat' dir='ltr'><strong>acquie-</strong></span> 
     </span>
    </p>
   </div>
   <div class='ocr_carea' id='block_1_82' title="bbox 1972 3989 3561 4068">
    <p class='ocr_par' dir='ltr' id='par_1_82' title="bbox 1972 3989 3561 4068">
     <span class='ocr_line' id='line_1_82' title="bbox 1972 3989 3561 4068; baseline 0.001 -21"><span class='ocrx_word' id='word_1_601' title='bbox 1972 3993 2051 4068; x_wconf 81' lang='lat' dir='ltr'><strong>vit</strong></span> <span class='ocrx_word' id='word_1_602' title='bbox 2077 3993 2198 4045; x_wconf 74' lang='grc'>³³.»</span> <span class='ocrx_word' id='word_1_603' title='bbox 2254 3990 2319 4045; x_wconf 83' lang='lat' dir='ltr'><strong>Et</strong></span> <span class='ocrx_word' id='word_1_604' title='bbox 2363 3999 2488 4061; x_wconf 88' lang='lat' dir='ltr'><strong>post</strong></span> <span class='ocrx_word' id='word_1_605' title='bbox 2541 4005 2762 4060; x_wconf 89' lang='lat' dir='ltr'><strong>pauca:</strong></span> <span class='ocrx_word' id='word_1_606' title='bbox 2823 4009 2844 4043; x_wconf 75' lang='grc' dir='ltr'><strong>ι</strong></span> <span class='ocrx_word' id='word_1_607' title='bbox 2887 3989 3144 4062; x_wconf 79' lang='lat' dir='ltr'><strong>Dixitque</strong></span> <span class='ocrx_word' id='word_1_608' title='bbox 3200 3992 3352 4048; x_wconf 87' lang='lat' dir='ltr'><strong>Giezi</strong></span> <span class='ocrx_word' id='word_1_609' title='bbox 3422 4010 3561 4064; x_wconf 87' lang='lat' dir='ltr'><strong>puer</strong></span> 
     </span>
    </p>
   </div>
   <div class='ocr_carea' id='block_1_83' title="bbox 1971 4083 3561 4160">
    <p class='ocr_par' dir='ltr' id='par_1_83' title="bbox 1971 4083 3561 4160">
     <span class='ocr_line' id='line_1_83' title="bbox 1971 4083 3561 4160; baseline 0.002 -21"><span class='ocrx_word' id='word_1_610' title='bbox 1971 4085 2080 4139; x_wconf 86' lang='lat' dir='ltr'><strong>viri</strong></span> <span class='ocrx_word' id='word_1_611' title='bbox 2132 4083 2280 4139; x_wconf 87' lang='lat' dir='ltr'><strong>Dei:</strong></span> <span class='ocrx_word' id='word_1_612' title='bbox 2332 4084 2586 4155; x_wconf 88' lang='lat' dir='ltr'><strong>Pepercit</strong></span> <span class='ocrx_word' id='word_1_613' title='bbox 2616 4084 2871 4139; x_wconf 85' lang='lat' dir='ltr'><strong>dominus</strong></span> <span class='ocrx_word' id='word_1_614' title='bbox 2923 4101 3078 4142; x_wconf 75' lang='lat' dir='ltr'><strong>tuens</strong></span> <span class='ocrx_word' id='word_1_615' title='bbox 3129 4085 3375 4142; x_wconf 85' lang='lat' dir='ltr'><strong>Naaman</strong></span> <span class='ocrx_word' id='word_1_616' title='bbox 3422 4086 3561 4160; x_wconf 86' lang='lat' dir='ltr'><strong>Syro</strong></span> 
     </span>
    </p>
   </div>
   <div class='ocr_carea' id='block_1_84' title="bbox 1974 4174 3562 4247">
    <p class='ocr_par' dir='ltr' id='par_1_84' title="bbox 1974 4174 3562 4247">
     <span class='ocr_line' id='line_1_84' title="bbox 1974 4174 3562 4247; baseline 0.002 -14"><span class='ocrx_word' id='word_1_617' title='bbox 1974 4177 2091 4244; x_wconf 92' lang='lat' dir='ltr'><strong>isti,</strong></span> <span class='ocrx_word' id='word_1_618' title='bbox 2134 4185 2196 4231; x_wconf 90' lang='lat' dir='ltr'><strong>ut</strong></span> <span class='ocrx_word' id='word_1_619' title='bbox 2226 4191 2338 4230; x_wconf 91' lang='lat' dir='ltr'><strong>non</strong></span> <span class='ocrx_word' id='word_1_620' title='bbox 2374 4174 2650 4246; x_wconf 85' lang='lat' dir='ltr'><strong>acciperet</strong></span> <span class='ocrx_word' id='word_1_621' title='bbox 2678 4177 2749 4232; x_wconf 88' lang='lat' dir='ltr'><strong>ab</strong></span> <span class='ocrx_word' id='word_1_622' title='bbox 2779 4193 2845 4231; x_wconf 87' lang='lat' dir='ltr'><strong>eo</strong></span> <span class='ocrx_word' id='word_1_623' title='bbox 2873 4192 2993 4247; x_wconf 70' lang='lat' dir='ltr'><strong>qua:</strong></span> <span class='ocrx_word' id='word_1_624' title='bbox 3031 4178 3234 4233; x_wconf 88' lang='lat' dir='ltr'><strong>attulit.</strong></span> <span class='ocrx_word' id='word_1_625' title='bbox 3267 4176 3418 4235; x_wconf 80' lang='lat' dir='ltr'><strong>Vivit</strong></span> <span class='ocrx_word' id='word_1_626' title='bbox 3452 4180 3562 4236; x_wconf 89' lang='lat' dir='ltr'><strong>Do-</strong></span> 
     </span>
    </p>
   </div>
   <div class='ocr_carea' id='block_1_85' title="bbox 1976 4267 3561 4339">
    <p class='ocr_par' dir='ltr' id='par_1_85' title="bbox 1976 4267 3561 4339">
     <span class='ocr_line' id='line_1_85' title="bbox 1976 4267 3561 4339; baseline 0.003 -17"><span class='ocrx_word' id='word_1_627' title='bbox 1976 4268 2186 4334; x_wconf 88' lang='lat' dir='ltr'><strong>minus,</strong></span> <span class='ocrx_word' id='word_1_628' title='bbox 2221 4267 2352 4338; x_wconf 88' lang='lat' dir='ltr'><strong>quia</strong></span> <span class='ocrx_word' id='word_1_629' title='bbox 2375 4283 2596 4322; x_wconf 86' lang='lat' dir='ltr'><strong>curram</strong></span> <span class='ocrx_word' id='word_1_630' title='bbox 2647 4276 2771 4338; x_wconf 81' lang='lat' dir='ltr'><strong>post</strong></span> <span class='ocrx_word' id='word_1_631' title='bbox 2820 4284 2968 4333; x_wconf 84' lang='lat' dir='ltr'><strong>eum,</strong></span> <span class='ocrx_word' id='word_1_632' title='bbox 3006 4276 3061 4323; x_wconf 87' lang='lat' dir='ltr'><strong>et</strong></span> <span class='ocrx_word' id='word_1_633' title='bbox 3090 4269 3359 4339; x_wconf 85' lang='lat' dir='ltr'><strong>accipiam</strong></span> <span class='ocrx_word' id='word_1_634' title='bbox 3390 4271 3460 4327; x_wconf 86' lang='lat' dir='ltr'><strong>ab</strong></span> <span class='ocrx_word' id='word_1_635' title='bbox 3497 4286 3561 4327; x_wconf 87' lang='lat' dir='ltr'><strong>eo</strong></span> 
     </span>
    </p>
   </div>
   <div class='ocr_carea' id='block_1_86' title="bbox 1979 4357 3565 4433">
    <p class='ocr_par' dir='ltr' id='par_1_86' title="bbox 1979 4357 3565 4433">
     <span class='ocr_line' id='line_1_86' title="bbox 1979 4357 3565 4433; baseline 0.001 -18"><span class='ocrx_word' id='word_1_636' title='bbox 1979 4359 2214 4430; x_wconf 85' lang='lat' dir='ltr'><strong>aliquid.</strong></span> <span class='ocrx_word' id='word_1_637' title='bbox 2260 4357 2329 4413; x_wconf 88' lang='lat' dir='ltr'><strong>Et</strong></span> <span class='ocrx_word' id='word_1_638' title='bbox 2387 4369 2612 4414; x_wconf 83' lang='lat' dir='ltr'><strong>secutus</strong></span> <span class='ocrx_word' id='word_1_639' title='bbox 2657 4368 2740 4414; x_wconf 87' lang='lat' dir='ltr'><strong>est</strong></span> <span class='ocrx_word' id='word_1_640' title='bbox 2768 4358 2919 4414; x_wconf 66' lang='lat' dir='ltr'><strong>Gieti</strong></span> <span class='ocrx_word' id='word_1_641' title='bbox 2992 4370 3116 4428; x_wconf 87' lang='lat' dir='ltr'><strong>post</strong></span> <span class='ocrx_word' id='word_1_642' title='bbox 3152 4369 3369 4433; x_wconf 84' lang='lat' dir='ltr'><strong>tergum</strong></span> <span class='ocrx_word' id='word_1_643' title='bbox 3419 4361 3565 4418; x_wconf 82' lang='lat' dir='ltr'><strong>Naa-</strong></span> 
     </span>
    </p>
   </div>
   <div class='ocr_carea' id='block_1_87' title="bbox 1978 4449 3563 4520">
    <p class='ocr_par' dir='ltr' id='par_1_87' title="bbox 1978 4449 3563 4520">
     <span class='ocr_line' id='line_1_87' title="bbox 1978 4449 3563 4520; baseline 0.001 -14"><span class='ocrx_word' id='word_1_644' title='bbox 1978 4467 2107 4506; x_wconf 88' lang='lat' dir='ltr'><strong>man</strong></span> <span class='ocrx_word' id='word_1_645' title='bbox 2135 4451 2217 4505; x_wconf 84' lang='grc'><strong>³³.</strong></span> <span class='ocrx_word' id='word_1_646' title='bbox 2247 4470 2267 4504; x_wconf 73' lang='grc' dir='ltr'><strong>ι</strong></span> <span class='ocrx_word' id='word_1_647' title='bbox 2344 4449 2415 4505; x_wconf 83' lang='grc' dir='ltr'><strong>Ει</strong></span> <span class='ocrx_word' id='word_1_648' title='bbox 2452 4458 2579 4520; x_wconf 90' lang='lat' dir='ltr'><strong>post</strong></span> <span class='ocrx_word' id='word_1_649' title='bbox 2625 4464 2803 4514; x_wconf 79' lang='lat' dir='ltr'><strong>pauca</strong></span> <span class='ocrx_word' id='word_1_650' title='bbox 2838 4469 2851 4504; x_wconf 91' lang='lat'><strong>:</strong></span> <span class='ocrx_word' id='word_1_651' title='bbox 2924 4468 2943 4500; x_wconf 75' lang='grc' dir='ltr'><strong>ι</strong></span> <span class='ocrx_word' id='word_1_652' title='bbox 2982 4451 3049 4505; x_wconf 82' lang='grc' dir='ltr'><strong>Ει</strong></span> <span class='ocrx_word' id='word_1_653' title='bbox 3095 4450 3236 4506; x_wconf 78' lang='lat' dir='ltr'><strong>dixit</strong></span> <span class='ocrx_word' id='word_1_654' title='bbox 3278 4451 3563 4508; x_wconf 82' lang='lat' dir='ltr'><strong>Naaman:</strong></span> 
     </span>
    </p>
   </div>
   <div class='ocr_carea' id='block_1_88' title="bbox 287 4529 1866 4615">
    <p class='ocr_par' dir='ltr' id='par_1_88' title="bbox 287 4534 1866 4614">
     <span class='ocr_line' id='line_1_88' title="bbox 287 4534 1866 4614; baseline 0.003 -24"><span class='ocrx_word' id='word_1_655' title='bbox 287 4561 305 4590; x_wconf 74' lang='grc' dir='ltr'><strong>ι</strong></span> <span class='ocrx_word' id='word_1_656' title='bbox 334 4539 460 4593; x_wconf 86' lang='lat' dir='ltr'><strong>Kal</strong></span> <span class='ocrx_word' id='word_1_657' title='bbox 498 4534 620 4592; x_wconf 79' lang='grc' dir='ltr'><strong>εἷπε</strong></span> <span class='ocrx_word' id='word_1_658' title='bbox 666 4537 888 4607; x_wconf 82' lang='grc' dir='ltr'><strong>Νεεμάν</strong></span> <span class='ocrx_word' id='word_1_659' title='bbox 907 4554 920 4568; x_wconf 79' lang='lat'><strong>&#39;</strong></span> <span class='ocrx_word' id='word_1_660' title='bbox 949 4537 1097 4592; x_wconf 85' lang='grc' dir='ltr'><strong>Λάϐε</strong></span> <span class='ocrx_word' id='word_1_661' title='bbox 1135 4539 1201 4611; x_wconf 81' lang='grc' dir='ltr'><strong>δὴ</strong></span> <span class='ocrx_word' id='word_1_662' title='bbox 1256 4540 1521 4595; x_wconf 82' lang='grc' dir='ltr'><strong>τάλαντον</strong></span> <span class='ocrx_word' id='word_1_663' title='bbox 1581 4541 1866 4614; x_wconf 78' lang='grc' dir='ltr'><strong>ἀργυρίου,</strong></span> 
     </span>
    </p>
   </div>
   <div class='ocr_carea' id='block_1_89' title="bbox 1973 4529 3661 4615">
    <p class='ocr_par' dir='ltr' id='par_1_89' title="bbox 1982 4538 3661 4615">
     <span class='ocr_line' id='line_1_89' title="bbox 1982 4538 3661 4615; baseline 0.001 -17"><span class='ocrx_word' id='word_1_664' title='bbox 1982 4544 2185 4615; x_wconf 88' lang='lat' dir='ltr'><strong>Accipe</strong></span> <span class='ocrx_word' id='word_1_665' title='bbox 2218 4545 2482 4599; x_wconf 88' lang='lat' dir='ltr'><strong>talentum</strong></span> <span class='ocrx_word' id='word_1_666' title='bbox 2519 4543 2730 4615; x_wconf 84' lang='lat' dir='ltr'><strong>argenti</strong></span> <span class='ocrx_word' id='word_1_667' title='bbox 2758 4560 2772 4610; x_wconf 92' lang='lat'>;</span> <span class='ocrx_word' id='word_1_668' title='bbox 2806 4552 2861 4598; x_wconf 82' lang='lat' dir='ltr'><strong>et</strong></span> <span class='ocrx_word' id='word_1_669' title='bbox 2888 4545 3066 4615; x_wconf 82' lang='lat' dir='ltr'><strong>coegit</strong></span> <span class='ocrx_word' id='word_1_670' title='bbox 3091 4559 3239 4611; x_wconf 85' lang='lat' dir='ltr'><strong>eum,</strong></span> <span class='ocrx_word' id='word_1_671' title='bbox 3270 4545 3566 4614; x_wconf 82' lang='lat' dir='ltr'><strong>ligavitque</strong></span> <span class='ocrx_word' id='word_1_672' title='bbox 3658 4538 3661 4541; x_wconf 74' lang='grc'><em>’</em></span> 
     </span>
    </p>
   </div>
   <div class='ocr_carea' id='block_1_90' title="bbox 284 4627 1879 4701">
    <p class='ocr_par' dir='ltr' id='par_1_90' title="bbox 284 4627 1879 4701">
     <span class='ocr_line' id='line_1_90' title="bbox 284 4627 1879 4701; baseline 0.003 -18"><span class='ocrx_word' id='word_1_673' title='bbox 284 4631 407 4684; x_wconf 83' lang='lat' dir='ltr'><strong>Kal</strong></span> <span class='ocrx_word' id='word_1_674' title='bbox 447 4628 612 4681; x_wconf 76' lang='grc' dir='ltr'><strong>ἔλαϐε</strong></span> <span class='ocrx_word' id='word_1_675' title='bbox 650 4627 744 4681; x_wconf 88' lang='grc' dir='ltr'><strong>δύο</strong></span> <span class='ocrx_word' id='word_1_676' title='bbox 772 4627 1013 4683; x_wconf 79' lang='grc' dir='ltr'><strong>τάλαντα</strong></span> <span class='ocrx_word' id='word_1_677' title='bbox 1040 4628 1306 4701; x_wconf 79' lang='grc' dir='ltr'><strong>ἀργυρίου</strong></span> <span class='ocrx_word' id='word_1_678' title='bbox 1331 4633 1390 4684; x_wconf 85' lang='grc' dir='ltr'><strong>ἐν</strong></span> <span class='ocrx_word' id='word_1_679' title='bbox 1417 4631 1539 4685; x_wconf 83' lang='grc' dir='ltr'><strong>δυσὶ</strong></span> <span class='ocrx_word' id='word_1_680' title='bbox 1567 4632 1879 4700; x_wconf 90' lang='grc' dir='ltr'><strong>θυλακίοις,</strong></span> 
     </span>
    </p>
   </div>
   <div class='ocr_carea' id='block_1_91' title="bbox 280 4720 1879 4799">
    <p class='ocr_par' dir='ltr' id='par_1_91' title="bbox 280 4720 1879 4799">
     <span class='ocr_line' id='line_1_91' title="bbox 280 4720 1879 4799; baseline 0.003 -23"><span class='ocrx_word' id='word_1_681' title='bbox 280 4723 387 4776; x_wconf 67' lang='grc' dir='ltr'><strong>καῖ</strong></span> <span class='ocrx_word' id='word_1_682' title='bbox 446 4720 545 4775; x_wconf 86' lang='grc' dir='ltr'><strong>δύο</strong></span> <span class='ocrx_word' id='word_1_683' title='bbox 593 4721 975 4793; x_wconf 80' lang='grc' dir='ltr'><strong>ἀλασσομένας</strong></span> <span class='ocrx_word' id='word_1_684' title='bbox 1019 4723 1273 4787; x_wconf 76' lang='grc' dir='ltr'><strong>στολάς.»</strong></span> <span class='ocrx_word' id='word_1_685' title='bbox 1333 4725 1446 4780; x_wconf 86' lang='lat' dir='ltr'><strong>Kal</strong></span> <span class='ocrx_word' id='word_1_686' title='bbox 1505 4724 1629 4796; x_wconf 89' lang='grc' dir='ltr'><strong>μεθ’</strong></span> <span class='ocrx_word' id='word_1_687' title='bbox 1684 4727 1879 4799; x_wconf 73' lang='grc' dir='ltr'><strong>ἕτεραο</strong></span> 
     </span>
    </p>
   </div>
   <div class='ocr_carea' id='block_1_92' title="bbox 284 4810 1883 4889">
    <p class='ocr_par' dir='ltr' id='par_1_92' title="bbox 284 4810 1883 4889">
     <span class='ocr_line' id='line_1_92' title="bbox 284 4810 1883 4889; baseline 0.004 -22"><span class='ocrx_word' id='word_1_688' title='bbox 284 4835 305 4867; x_wconf 75' lang='grc' dir='ltr'><strong>ι</strong></span> <span class='ocrx_word' id='word_1_689' title='bbox 335 4815 459 4868; x_wconf 88' lang='lat' dir='ltr'><strong>Kal</strong></span> <span class='ocrx_word' id='word_1_690' title='bbox 487 4810 613 4867; x_wconf 76' lang='grc' dir='ltr'><strong>εἷπε</strong></span> <span class='ocrx_word' id='word_1_691' title='bbox 632 4814 771 4886; x_wconf 83' lang='grc' dir='ltr'><strong>πρὸς</strong></span> <span class='ocrx_word' id='word_1_692' title='bbox 802 4813 966 4867; x_wconf 76' lang='grc' dir='ltr'><strong>αὐτὸν</strong></span> <span class='ocrx_word' id='word_1_693' title='bbox 1003 4814 1282 4868; x_wconf 86' lang='grc' dir='ltr'><strong>Ἐλισσαιέ</strong></span> <span class='ocrx_word' id='word_1_694' title='bbox 1303 4830 1318 4847; x_wconf 82' lang='lat'><strong>&#39;</strong></span> <span class='ocrx_word' id='word_1_695' title='bbox 1355 4815 1527 4871; x_wconf 83' lang='grc' dir='ltr'><strong>Πόθεν</strong></span> <span class='ocrx_word' id='word_1_696' title='bbox 1555 4816 1757 4889; x_wconf 77' lang='grc' dir='ltr'><strong>Γιεζῆς</strong></span> <span class='ocrx_word' id='word_1_697' title='bbox 1790 4819 1883 4873; x_wconf 71' lang='lat' dir='ltr'><strong><em>ual</em></strong></span> 
     </span>
    </p>
   </div>
   <div class='ocr_carea' id='block_1_93' title="bbox 279 4903 1885 4977">
    <p class='ocr_par' dir='ltr' id='par_1_93' title="bbox 279 4903 1885 4977">
     <span class='ocr_line' id='line_1_93' title="bbox 279 4903 1885 4977; baseline 0.002 -19"><span class='ocrx_word' id='word_1_698' title='bbox 279 4903 417 4958; x_wconf 81' lang='grc' dir='ltr'><strong>εἷπε</strong></span> <span class='ocrx_word' id='word_1_699' title='bbox 458 4903 659 4974; x_wconf 82' lang='grc' dir='ltr'><strong>Γιεζῆ·</strong></span> <span class='ocrx_word' id='word_1_700' title='bbox 686 4905 762 4959; x_wconf 85' lang='grc' dir='ltr'><strong>Οὐ</strong></span> <span class='ocrx_word' id='word_1_701' title='bbox 797 4905 1137 4977; x_wconf 87' lang='grc' dir='ltr'><strong>πεπόρευται</strong></span> <span class='ocrx_word' id='word_1_702' title='bbox 1192 4907 1222 4959; x_wconf 89' lang='lat'><strong>6</strong></span> <span class='ocrx_word' id='word_1_703' title='bbox 1248 4904 1440 4971; x_wconf 81' lang='grc' dir='ltr'><strong>δοῦλός</strong></span> <span class='ocrx_word' id='word_1_704' title='bbox 1495 4924 1593 4962; x_wconf 89' lang='grc' dir='ltr'><strong>σου</strong></span> <span class='ocrx_word' id='word_1_705' title='bbox 1630 4908 1759 4963; x_wconf 78' lang='grc' dir='ltr'><strong>ἔνθα</strong></span> <span class='ocrx_word' id='word_1_706' title='bbox 1789 4911 1885 4964; x_wconf 76' lang='grc' dir='ltr'><strong>καὶ</strong></span> 
     </span>
    </p>
   </div>
   <div class='ocr_carea' id='block_1_94' title="bbox 280 4992 1886 5074">
    <p class='ocr_par' dir='ltr' id='par_1_94' title="bbox 280 4992 1886 5074">
     <span class='ocr_line' id='line_1_94' title="bbox 280 4992 1886 5074; baseline 0.002 -23"><span class='ocrx_word' id='word_1_707' title='bbox 280 4998 448 5052; x_wconf 85' lang='grc' dir='ltr'><strong>ἐνθα.</strong></span> <span class='ocrx_word' id='word_1_708' title='bbox 484 4997 596 5050; x_wconf 89' lang='lat' dir='ltr'><strong>Kal</strong></span> <span class='ocrx_word' id='word_1_709' title='bbox 619 4992 740 5051; x_wconf 76' lang='grc' dir='ltr'><strong>εἷπε</strong></span> <span class='ocrx_word' id='word_1_710' title='bbox 774 4998 910 5069; x_wconf 82' lang='grc' dir='ltr'><strong>πρὸς</strong></span> <span class='ocrx_word' id='word_1_711' title='bbox 940 4997 1104 5052; x_wconf 81' lang='grc' dir='ltr'><strong>αὑτὸν</strong></span> <span class='ocrx_word' id='word_1_712' title='bbox 1136 4998 1407 5053; x_wconf 79' lang='grc' dir='ltr'><strong>Ἐλισσαιέ</strong></span> <span class='ocrx_word' id='word_1_713' title='bbox 1431 5013 1446 5029; x_wconf 79' lang='grc'><strong>⁸</strong></span> <span class='ocrx_word' id='word_1_714' title='bbox 1479 4998 1664 5072; x_wconf 71' lang='grc' dir='ltr'><strong>Οὐχὶὴ</strong></span> <span class='ocrx_word' id='word_1_715' title='bbox 1685 5002 1886 5074; x_wconf 89' lang='grc' dir='ltr'><strong>καρδία</strong></span> 
     </span>
    </p>
   </div>
   <div class='ocr_carea' id='block_1_95' title="bbox 1980 4633 3565 4705">
    <p class='ocr_par' dir='ltr' id='par_1_95' title="bbox 1980 4633 3565 4705">
     <span class='ocr_line' id='line_1_95' title="bbox 1980 4633 3565 4705; baseline -0.002 -15"><span class='ocrx_word' id='word_1_716' title='bbox 1980 4634 2093 4690; x_wconf 90' lang='lat' dir='ltr'><strong>duo</strong></span> <span class='ocrx_word' id='word_1_717' title='bbox 2139 4634 2343 4690; x_wconf 89' lang='lat' dir='ltr'><strong>talenta</strong></span> <span class='ocrx_word' id='word_1_718' title='bbox 2377 4636 2588 4705; x_wconf 89' lang='lat' dir='ltr'><strong>argenti</strong></span> <span class='ocrx_word' id='word_1_719' title='bbox 2628 4635 2682 4689; x_wconf 92' lang='lat' dir='ltr'><strong>in</strong></span> <span class='ocrx_word' id='word_1_720' title='bbox 2730 4633 2950 4689; x_wconf 86' lang='lat' dir='ltr'><strong>duobus</strong></span> <span class='ocrx_word' id='word_1_721' title='bbox 2992 4635 3195 4700; x_wconf 87' lang='lat' dir='ltr'><strong>saccis,</strong></span> <span class='ocrx_word' id='word_1_722' title='bbox 3234 4645 3288 4689; x_wconf 84' lang='lat' dir='ltr'><strong>et</strong></span> <span class='ocrx_word' id='word_1_723' title='bbox 3322 4635 3565 4703; x_wconf 86' lang='lat' dir='ltr'><strong>duplicia</strong></span> 
     </span>
    </p>
   </div>
   <div class='ocr_carea' id='block_1_96' title="bbox 1980 4723 3566 4796">
    <p class='ocr_par' dir='ltr' id='par_1_96' title="bbox 1980 4723 3566 4796">
     <span class='ocr_line' id='line_1_96' title="bbox 1980 4723 3566 4796; baseline -0.002 -17"><span class='ocrx_word' id='word_1_724' title='bbox 1980 4725 2307 4781; x_wconf 83' lang='lat' dir='ltr'><strong>vestimenta</strong></span> <span class='ocrx_word' id='word_1_725' title='bbox 2335 4725 2416 4780; x_wconf 75' lang='lat'><strong>“.</strong></span> <span class='ocrx_word' id='word_1_726' title='bbox 2443 4745 2464 4779; x_wconf 75' lang='grc' dir='ltr'><strong>ι</strong></span> <span class='ocrx_word' id='word_1_727' title='bbox 2506 4726 2574 4781; x_wconf 88' lang='lat' dir='ltr'><strong>Et</strong></span> <span class='ocrx_word' id='word_1_728' title='bbox 2602 4736 2724 4796; x_wconf 87' lang='lat' dir='ltr'><strong>post</strong></span> <span class='ocrx_word' id='word_1_729' title='bbox 2757 4727 2864 4782; x_wconf 88' lang='lat' dir='ltr'><strong>alia</strong></span> <span class='ocrx_word' id='word_1_730' title='bbox 2898 4744 2913 4782; x_wconf 91' lang='lat'><strong>:</strong></span> <span class='ocrx_word' id='word_1_731' title='bbox 2955 4744 2973 4776; x_wconf 74' lang='grc' dir='ltr'><strong>ι</strong></span> <span class='ocrx_word' id='word_1_732' title='bbox 2998 4723 3065 4779; x_wconf 82' lang='grc' dir='ltr'><strong>Ει</strong></span> <span class='ocrx_word' id='word_1_733' title='bbox 3097 4725 3240 4779; x_wconf 81' lang='lat' dir='ltr'><strong>dixit</strong></span> <span class='ocrx_word' id='word_1_734' title='bbox 3290 4724 3566 4779; x_wconf 62' lang='lat' dir='ltr'><strong>Elisazus:</strong></span> 
     </span>
    </p>
   </div>
   <div class='ocr_carea' id='block_1_97' title="bbox 1982 4814 3565 4886">
    <p class='ocr_par' dir='ltr' id='par_1_97' title="bbox 1982 4814 3565 4886">
     <span class='ocr_line' id='line_1_97' title="bbox 1982 4814 3565 4886; baseline -0.007 -11"><span class='ocrx_word' id='word_1_735' title='bbox 1982 4817 2143 4875; x_wconf 87' lang='lat' dir='ltr'><strong>Unde</strong></span> <span class='ocrx_word' id='word_1_736' title='bbox 2174 4820 2325 4874; x_wconf 84' lang='lat' dir='ltr'><strong>venit</strong></span> <span class='ocrx_word' id='word_1_737' title='bbox 2348 4818 2543 4874; x_wconf 81' lang='lat' dir='ltr'><strong>Giezi?</strong></span> <span class='ocrx_word' id='word_1_738' title='bbox 2583 4817 2688 4884; x_wconf 87' lang='lat' dir='ltr'><strong>Qui</strong></span> <span class='ocrx_word' id='word_1_739' title='bbox 2721 4816 3009 4886; x_wconf 90' lang='lat' dir='ltr'><strong>respondit</strong></span> <span class='ocrx_word' id='word_1_740' title='bbox 3035 4834 3050 4870; x_wconf 90' lang='lat'><strong>:</strong></span> <span class='ocrx_word' id='word_1_741' title='bbox 3079 4815 3205 4870; x_wconf 87' lang='lat' dir='ltr'><strong>Non</strong></span> <span class='ocrx_word' id='word_1_742' title='bbox 3249 4814 3351 4869; x_wconf 83' lang='lat' dir='ltr'><strong>ivit</strong></span> <span class='ocrx_word' id='word_1_743' title='bbox 3371 4825 3565 4872; x_wconf 76' lang='lat' dir='ltr'><strong>servus</strong></span> 
     </span>
    </p>
   </div>
   <div class='ocr_carea' id='block_1_98' title="bbox 1987 4903 3554 4981">
    <p class='ocr_par' dir='ltr' id='par_1_98' title="bbox 1987 4903 3554 4981">
     <span class='ocr_line' id='line_1_98' title="bbox 1987 4903 3554 4981; baseline -0.006 -14"><span class='ocrx_word' id='word_1_744' title='bbox 1987 4920 2118 4967; x_wconf 89' lang='lat' dir='ltr'><strong>tuus</strong></span> <span class='ocrx_word' id='word_1_745' title='bbox 2144 4925 2451 4981; x_wconf 87' lang='lat' dir='ltr'><strong>quoquam.</strong></span> <span class='ocrx_word' id='word_1_746' title='bbox 2482 4909 2670 4964; x_wconf 83' lang='lat' dir='ltr'><strong>Atille</strong></span> <span class='ocrx_word' id='word_1_747' title='bbox 2718 4908 2830 4964; x_wconf 83' lang='lat' dir='ltr'><strong>ait:</strong></span> <span class='ocrx_word' id='word_1_748' title='bbox 2891 4908 3084 4963; x_wconf 72' lang='lat' dir='ltr'><strong>Nonne</strong></span> <span class='ocrx_word' id='word_1_749' title='bbox 3134 4920 3230 4962; x_wconf 91' lang='lat' dir='ltr'><strong>cor</strong></span> <span class='ocrx_word' id='word_1_750' title='bbox 3274 4921 3460 4962; x_wconf 87' lang='lat' dir='ltr'><strong>meum</strong></span> <span class='ocrx_word' id='word_1_751' title='bbox 3500 4903 3554 4959; x_wconf 87' lang='lat' dir='ltr'><strong>in</strong></span> 
     </span>
    </p>
   </div>
   <div class='ocr_carea' id='block_1_99' title="bbox 1996 4999 3566 5075">
    <p class='ocr_par' dir='ltr' id='par_1_99' title="bbox 1996 4999 3566 5075">
     <span class='ocr_line' id='line_1_99' title="bbox 1996 4999 3566 5075; baseline -0.001 -16"><span class='ocrx_word' id='word_1_752' title='bbox 1996 5002 2249 5075; x_wconf 66' lang='lat' dir='ltr'><strong>praesenti</strong></span> <span class='ocrx_word' id='word_1_753' title='bbox 2278 5010 2416 5061; x_wconf 86' lang='lat' dir='ltr'><strong>erat.</strong></span> <span class='ocrx_word' id='word_1_754' title='bbox 2452 5003 2674 5072; x_wconf 88' lang='lat' dir='ltr'><strong>quando</strong></span> <span class='ocrx_word' id='word_1_755' title='bbox 2722 5015 2979 5055; x_wconf 88' lang='lat' dir='ltr'><strong>reversus</strong></span> <span class='ocrx_word' id='word_1_756' title='bbox 3003 5010 3087 5055; x_wconf 81' lang='lat' dir='ltr'><strong>est</strong></span> <span class='ocrx_word' id='word_1_757' title='bbox 3117 4999 3282 5054; x_wconf 89' lang='lat' dir='ltr'><strong>homo</strong></span> <span class='ocrx_word' id='word_1_758' title='bbox 3300 5000 3369 5055; x_wconf 88' lang='lat' dir='ltr'><strong>de</strong></span> <span class='ocrx_word' id='word_1_759' title='bbox 3399 5015 3566 5057; x_wconf 84' lang='lat' dir='ltr'><strong>curru</strong></span> 
     </span>
    </p>
   </div>
   <div class='ocr_carea' id='block_1_100' title="bbox 286 5086 1888 5163">
    <p class='ocr_par' dir='ltr' id='par_1_100' title="bbox 286 5086 1888 5163">
     <span class='ocr_line' id='line_1_100' title="bbox 286 5086 1888 5163; baseline 0.001 -19"><span class='ocrx_word' id='word_1_760' title='bbox 286 5108 401 5162; x_wconf 81' lang='grc' dir='ltr'><strong>μου</strong></span> <span class='ocrx_word' id='word_1_761' title='bbox 428 5088 710 5160; x_wconf 84' lang='grc' dir='ltr'><strong>ἐπορεύθη</strong></span> <span class='ocrx_word' id='word_1_762' title='bbox 741 5092 880 5161; x_wconf 80' lang='grc' dir='ltr'><strong>μετὰ</strong></span> <span class='ocrx_word' id='word_1_763' title='bbox 910 5089 1030 5158; x_wconf 82' lang='grc' dir='ltr'><strong>σοῦ,</strong></span> <span class='ocrx_word' id='word_1_764' title='bbox 1066 5091 1162 5143; x_wconf 78' lang='grc' dir='ltr'><strong>καὶ</strong></span> <span class='ocrx_word' id='word_1_765' title='bbox 1205 5086 1344 5157; x_wconf 78' lang='grc' dir='ltr'><strong>οἶδα,</strong></span> <span class='ocrx_word' id='word_1_766' title='bbox 1393 5090 1485 5144; x_wconf 87' lang='grc' dir='ltr'><strong>ὅτε</strong></span> <span class='ocrx_word' id='word_1_767' title='bbox 1538 5091 1888 5163; x_wconf 82' lang='grc' dir='ltr'><strong>ἀπέστρεψεν</strong></span> 
     </span>
    </p>
   </div>
   <div class='ocr_carea' id='block_1_101' title="bbox 279 5180 1891 5253">
    <p class='ocr_par' dir='ltr' id='par_1_101' title="bbox 279 5180 1891 5253">
     <span class='ocr_line' id='line_1_101' title="bbox 279 5180 1891 5253; baseline -0.001 -16"><span class='ocrx_word' id='word_1_768' title='bbox 279 5186 312 5237; x_wconf 86' lang='lat'><strong>6</strong></span> <span class='ocrx_word' id='word_1_769' title='bbox 338 5180 495 5252; x_wconf 77' lang='grc' dir='ltr'><strong>ἀνὴρ</strong></span> <span class='ocrx_word' id='word_1_770' title='bbox 523 5181 631 5234; x_wconf 81' lang='grc' dir='ltr'><strong>ἀπὸ</strong></span> <span class='ocrx_word' id='word_1_771' title='bbox 659 5181 753 5235; x_wconf 78' lang='grc' dir='ltr'><strong>τοῦ</strong></span> <span class='ocrx_word' id='word_1_772' title='bbox 784 5180 1033 5252; x_wconf 78' lang='grc' dir='ltr'><strong>ἅρματος</strong></span> <span class='ocrx_word' id='word_1_773' title='bbox 1073 5183 1155 5245; x_wconf 88' lang='grc' dir='ltr'><strong>είς</strong></span> <span class='ocrx_word' id='word_1_774' title='bbox 1202 5181 1530 5253; x_wconf 72' lang='grc' dir='ltr'><strong>συνάντησί)</strong></span> <span class='ocrx_word' id='word_1_775' title='bbox 1590 5200 1719 5251; x_wconf 88' lang='grc' dir='ltr'><strong>σου;</strong></span> <span class='ocrx_word' id='word_1_776' title='bbox 1779 5184 1891 5238; x_wconf 89' lang='lat' dir='ltr'><strong>Kal</strong></span> 
     </span>
    </p>
   </div>
   <div class='ocr_carea' id='block_1_102' title="bbox 281 5270 1866 5345">
    <p class='ocr_par' dir='ltr' id='par_1_102' title="bbox 281 5270 1866 5345">
     <span class='ocr_line' id='line_1_102' title="bbox 281 5270 1866 5345; baseline -0.001 -16"><span class='ocrx_word' id='word_1_777' title='bbox 281 5275 390 5329; x_wconf 81' lang='grc' dir='ltr'><strong>νῦν</strong></span> <span class='ocrx_word' id='word_1_778' title='bbox 413 5272 614 5335; x_wconf 75' lang='grc' dir='ltr'><strong>ἔλαϐες</strong></span> <span class='ocrx_word' id='word_1_779' title='bbox 642 5273 704 5325; x_wconf 83' lang='grc' dir='ltr'><strong>τὸ</strong></span> <span class='ocrx_word' id='word_1_780' title='bbox 732 5270 1021 5342; x_wconf 81' lang='grc' dir='ltr'><strong>ἀργύριον,</strong></span> <span class='ocrx_word' id='word_1_781' title='bbox 1037 5272 1148 5326; x_wconf 78' lang='grc' dir='ltr'><strong>,καὶ</strong></span> <span class='ocrx_word' id='word_1_782' title='bbox 1175 5272 1272 5326; x_wconf 83' lang='grc' dir='ltr'><strong>νῦν</strong></span> <span class='ocrx_word' id='word_1_783' title='bbox 1320 5271 1515 5337; x_wconf 63' lang='grc' dir='ltr'><strong>ἔλαϐες</strong></span> <span class='ocrx_word' id='word_1_784' title='bbox 1544 5274 1641 5327; x_wconf 79' lang='grc' dir='ltr'><strong>καὶ</strong></span> <span class='ocrx_word' id='word_1_785' title='bbox 1666 5273 1736 5327; x_wconf 81' lang='grc' dir='ltr'><strong>τὰ</strong></span> <span class='ocrx_word' id='word_1_786' title='bbox 1764 5275 1866 5345; x_wconf 60' lang='grc' dir='ltr'><strong>ίμάη</strong></span> 
     </span>
    </p>
   </div>
   <div class='ocr_carea' id='block_1_103' title="bbox 1973 5270 3571 5345">
    <p class='ocr_par' dir='ltr' id='par_1_103' title="bbox 1990 5278 3571 5342">
     <span class='ocr_line' id='line_1_103' title="bbox 1990 5278 3571 5342; baseline -0.004 -9"><span class='ocrx_word' id='word_1_787' title='bbox 1990 5279 2222 5342; x_wconf 89' lang='lat' dir='ltr'><strong>vineas,</strong></span> <span class='ocrx_word' id='word_1_788' title='bbox 2301 5285 2356 5332; x_wconf 88' lang='lat' dir='ltr'><strong>et</strong></span> <span class='ocrx_word' id='word_1_789' title='bbox 2409 5292 2564 5341; x_wconf 91' lang='lat' dir='ltr'><strong>oves,</strong></span> <span class='ocrx_word' id='word_1_790' title='bbox 2639 5285 2696 5330; x_wconf 88' lang='lat' dir='ltr'><strong>et</strong></span> <span class='ocrx_word' id='word_1_791' title='bbox 2753 5278 2942 5340; x_wconf 85' lang='lat' dir='ltr'><strong>boves,</strong></span> <span class='ocrx_word' id='word_1_792' title='bbox 2989 5286 3042 5330; x_wconf 76' lang='lat' dir='ltr'><strong>et</strong></span> <span class='ocrx_word' id='word_1_793' title='bbox 3106 5290 3318 5338; x_wconf 86' lang='lat' dir='ltr'><strong>servos,</strong></span> <span class='ocrx_word' id='word_1_794' title='bbox 3352 5285 3405 5330; x_wconf 90' lang='lat' dir='ltr'><strong>et</strong></span> <span class='ocrx_word' id='word_1_795' title='bbox 3471 5292 3571 5328; x_wconf 77' lang='lat' dir='ltr'><strong>un-</strong></span> 
     </span>
    </p>
   </div>
   <div class='ocr_carea' id='block_1_104' title="bbox 277 5364 1866 5438">
    <p class='ocr_par' dir='ltr' id='par_1_104' title="bbox 277 5364 1866 5436">
     <span class='ocr_line' id='line_1_104' title="bbox 277 5364 1866 5436; baseline 0.004 -21"><span class='ocrx_word' id='word_1_796' title='bbox 277 5383 418 5423; x_wconf 79' lang='grc' dir='ltr'><strong>τια·</strong></span> <span class='ocrx_word' id='word_1_797' title='bbox 463 5364 563 5418; x_wconf 78' lang='grc' dir='ltr'><strong>καὶ</strong></span> <span class='ocrx_word' id='word_1_798' title='bbox 614 5365 761 5436; x_wconf 80' lang='grc' dir='ltr'><strong>λήψῃ</strong></span> <span class='ocrx_word' id='word_1_799' title='bbox 790 5365 850 5418; x_wconf 85' lang='grc' dir='ltr'><strong>ἐν</strong></span> <span class='ocrx_word' id='word_1_800' title='bbox 872 5364 1022 5435; x_wconf 83' lang='grc' dir='ltr'><strong>αὐτῷ</strong></span> <span class='ocrx_word' id='word_1_801' title='bbox 1064 5365 1302 5436; x_wconf 83' lang='grc' dir='ltr'><strong>κήπους,</strong></span> <span class='ocrx_word' id='word_1_802' title='bbox 1344 5365 1442 5419; x_wconf 77' lang='grc' dir='ltr'><strong>καὶ</strong></span> <span class='ocrx_word' id='word_1_803' title='bbox 1490 5366 1747 5433; x_wconf 82' lang='grc' dir='ltr'><strong>ἐλαιῶνα,</strong></span> <span class='ocrx_word' id='word_1_804' title='bbox 1798 5386 1866 5422; x_wconf 88' lang='grc' dir='ltr'><strong>κα</strong></span> 
     </span>
    </p>
   </div>
   <div class='ocr_carea' id='block_1_105' title="bbox 1973 5364 3574 5438">
    <p class='ocr_par' dir='ltr' id='par_1_105' title="bbox 1992 5364 3574 5438">
     <span class='ocr_line' id='line_1_105' title="bbox 1992 5364 3574 5438; baseline -0.004 -13"><span class='ocrx_word' id='word_1_805' title='bbox 1992 5370 2191 5425; x_wconf 88' lang='lat' dir='ltr'><strong>cillas:</strong></span> <span class='ocrx_word' id='word_1_806' title='bbox 2264 5366 2361 5422; x_wconf 86' lang='lat' dir='ltr'><strong>sed</strong></span> <span class='ocrx_word' id='word_1_807' title='bbox 2435 5368 2586 5438; x_wconf 82' lang='lat' dir='ltr'><strong>lepra</strong></span> <span class='ocrx_word' id='word_1_808' title='bbox 2638 5364 2886 5421; x_wconf 83' lang='lat' dir='ltr'><strong>Naatnan</strong></span> <span class='ocrx_word' id='word_1_809' title='bbox 2938 5366 3240 5421; x_wconf 67' lang='lat' dir='ltr'><strong>adhaerebit</strong></span> <span class='ocrx_word' id='word_1_810' title='bbox 3275 5367 3372 5419; x_wconf 86' lang='lat' dir='ltr'><strong>tibi</strong></span> <span class='ocrx_word' id='word_1_811' title='bbox 3397 5375 3450 5419; x_wconf 83' lang='lat' dir='ltr'><strong>et</strong></span> <span class='ocrx_word' id='word_1_812' title='bbox 3487 5382 3574 5418; x_wconf 74' lang='lat' dir='ltr'><strong>sv-</strong></span> 
     </span>
    </p>
   </div>
   <div class='ocr_carea' id='block_1_106' title="bbox 277 5458 1866 5535">
    <p class='ocr_par' dir='ltr' id='par_1_106' title="bbox 277 5459 1866 5535">
     <span class='ocr_line' id='line_1_106' title="bbox 277 5459 1866 5535; baseline -0.004 -17"><span class='ocrx_word' id='word_1_813' title='bbox 277 5462 625 5535; x_wconf 80' lang='grc' dir='ltr'><strong>ἀμπελῶνα,</strong></span> <span class='ocrx_word' id='word_1_814' title='bbox 662 5462 757 5517; x_wconf 71' lang='grc' dir='ltr'><strong>καὶ</strong></span> <span class='ocrx_word' id='word_1_815' title='bbox 774 5462 1043 5533; x_wconf 84' lang='grc' dir='ltr'><strong>πρόϐατα,</strong></span> <span class='ocrx_word' id='word_1_816' title='bbox 1080 5460 1178 5516; x_wconf 76' lang='grc' dir='ltr'><strong>καὶ</strong></span> <span class='ocrx_word' id='word_1_817' title='bbox 1208 5460 1359 5530; x_wconf 83' lang='grc' dir='ltr'><strong>βόας,</strong></span> <span class='ocrx_word' id='word_1_818' title='bbox 1413 5459 1510 5512; x_wconf 79' lang='grc' dir='ltr'><strong>καὶ</strong></span> <span class='ocrx_word' id='word_1_819' title='bbox 1538 5459 1757 5524; x_wconf 82' lang='grc' dir='ltr'><strong>παῖδας,</strong></span> <span class='ocrx_word' id='word_1_820' title='bbox 1790 5460 1866 5512; x_wconf 60' lang='grc' dir='ltr'><strong>καὶ</strong></span> 
     </span>
    </p>
   </div>
   <div class='ocr_carea' id='block_1_107' title="bbox 1973 5458 3574 5535">
    <p class='ocr_par' dir='ltr' id='par_1_107' title="bbox 1996 5458 3574 5530">
     <span class='ocr_line' id='line_1_107' title="bbox 1996 5458 3574 5530; baseline -0.003 -13"><span class='ocrx_word' id='word_1_821' title='bbox 1996 5461 2133 5517; x_wconf 90' lang='lat' dir='ltr'><strong>mini</strong></span> <span class='ocrx_word' id='word_1_822' title='bbox 2191 5472 2285 5516; x_wconf 93' lang='lat' dir='ltr'><strong>tuo</strong></span> <span class='ocrx_word' id='word_1_823' title='bbox 2342 5464 2398 5514; x_wconf 89' lang='lat' dir='ltr'><strong>in</strong></span> <span class='ocrx_word' id='word_1_824' title='bbox 2464 5460 2884 5530; x_wconf 86' lang='lat' dir='ltr'><strong>sempiternum.</strong></span> <span class='ocrx_word' id='word_1_825' title='bbox 2943 5458 3012 5511; x_wconf 83' lang='lat' dir='ltr'><strong>Et</strong></span> <span class='ocrx_word' id='word_1_826' title='bbox 3074 5474 3333 5529; x_wconf 60' lang='lat' dir='ltr'><strong>egressus</strong></span> <span class='ocrx_word' id='word_1_827' title='bbox 3363 5469 3446 5514; x_wconf 81' lang='lat' dir='ltr'><strong>est</strong></span> <span class='ocrx_word' id='word_1_828' title='bbox 3504 5459 3574 5512; x_wconf 80' lang='lat' dir='ltr'><strong>ab</strong></span> 
     </span>
    </p>
   </div>
   <div class='ocr_carea' id='block_1_108' title="bbox 281 5548 1866 5624">
    <p class='ocr_par' dir='ltr' id='par_1_108' title="bbox 281 5548 1866 5624">
     <span class='ocr_line' id='line_1_108' title="bbox 281 5548 1866 5624; baseline -0.004 -14"><span class='ocrx_word' id='word_1_829' title='bbox 281 5554 601 5618; x_wconf 86' lang='grc' dir='ltr'><strong>παιδίσκας</strong></span> <span class='ocrx_word' id='word_1_830' title='bbox 632 5570 646 5585; x_wconf 78' lang='grc' dir='ltr'><strong>ο</strong></span> <span class='ocrx_word' id='word_1_831' title='bbox 677 5554 773 5606; x_wconf 72' lang='grc' dir='ltr'><strong>καὶ</strong></span> <span class='ocrx_word' id='word_1_832' title='bbox 802 5555 836 5623; x_wconf 79' lang='grc' dir='ltr'>ἡ</span> <span class='ocrx_word' id='word_1_833' title='bbox 873 5552 1053 5624; x_wconf 88' lang='grc' dir='ltr'><strong>λέπρα</strong></span> <span class='ocrx_word' id='word_1_834' title='bbox 1103 5552 1326 5622; x_wconf 87' lang='grc' dir='ltr'><strong>Νεεμὰν</strong></span> <span class='ocrx_word' id='word_1_835' title='bbox 1371 5548 1771 5621; x_wconf 83' lang='grc' dir='ltr'><strong>κολληθήσεται</strong></span> <span class='ocrx_word' id='word_1_836' title='bbox 1827 5552 1866 5604; x_wconf 64' lang='grc' dir='ltr'><strong>ἐπ</strong></span> 
     </span>
    </p>
   </div>
   <div class='ocr_carea' id='block_1_109' title="bbox 1973 5548 2793 5624">
    <p class='ocr_par' dir='ltr' id='par_1_109' title="bbox 1996 5552 2793 5623">
     <span class='ocr_line' id='line_1_109' title="bbox 1996 5552 2793 5623; baseline -0.004 -16"><span class='ocrx_word' id='word_1_837' title='bbox 1996 5569 2063 5607; x_wconf 89' lang='lat' dir='ltr'><strong>eo</strong></span> <span class='ocrx_word' id='word_1_838' title='bbox 2082 5553 2336 5623; x_wconf 84' lang='lat' dir='ltr'><strong>leprosos</strong></span> <span class='ocrx_word' id='word_1_839' title='bbox 2369 5552 2529 5623; x_wconf 87' lang='lat' dir='ltr'><strong>quasi</strong></span> <span class='ocrx_word' id='word_1_840' title='bbox 2554 5552 2643 5606; x_wconf 81' lang='lat' dir='ltr'><strong>nix</strong></span> <span class='ocrx_word' id='word_1_841' title='bbox 2670 5553 2715 5584; x_wconf 83' lang='grc'><strong>³⁸</strong></span> <span class='ocrx_word' id='word_1_842' title='bbox 2736 5593 2749 5608; x_wconf 92' lang='grc'><strong>.</strong></span> <span class='ocrx_word' id='word_1_843' title='bbox 2775 5571 2793 5604; x_wconf 73' lang='grc' dir='ltr'><strong>ι</strong></span> 
     </span>
    </p>
   </div>
   <div class='ocr_carea' id='block_1_110' title="bbox 281 5640 3576 5716">
    <p class='ocr_par' dir='ltr' id='par_1_110' title="bbox 281 5640 3576 5716">
     <span class='ocr_line' id='line_1_110' title="bbox 281 5640 3576 5716; baseline -0.003 -13"><span class='ocrx_word' id='word_1_844' title='bbox 281 5649 377 5703; x_wconf 77' lang='grc' dir='ltr'><strong>σοὶ</strong></span> <span class='ocrx_word' id='word_1_845' title='bbox 421 5645 524 5699; x_wconf 72' lang='grc' dir='ltr'><strong>καὶ</strong></span> <span class='ocrx_word' id='word_1_846' title='bbox 552 5647 610 5698; x_wconf 85' lang='grc' dir='ltr'><strong>ὲν</strong></span> <span class='ocrx_word' id='word_1_847' title='bbox 635 5644 711 5715; x_wconf 77' lang='grc' dir='ltr'><strong>τῷ</strong></span> <span class='ocrx_word' id='word_1_848' title='bbox 744 5644 1021 5716; x_wconf 84' lang='grc' dir='ltr'><strong>σπέρματί</strong></span> <span class='ocrx_word' id='word_1_849' title='bbox 1088 5661 1182 5698; x_wconf 89' lang='grc' dir='ltr'><strong>σου</strong></span> <span class='ocrx_word' id='word_1_850' title='bbox 1232 5644 1313 5707; x_wconf 88' lang='grc' dir='ltr'><strong>είς</strong></span> <span class='ocrx_word' id='word_1_851' title='bbox 1371 5642 1463 5695; x_wconf 79' lang='grc' dir='ltr'><strong>τὸν</strong></span> <span class='ocrx_word' id='word_1_852' title='bbox 1521 5642 1712 5697; x_wconf 85' lang='grc' dir='ltr'><strong>αίῶνα.</strong></span> <span class='ocrx_word' id='word_1_853' title='bbox 1777 5644 1886 5696; x_wconf 90' lang='lat' dir='ltr'><strong>Kal</strong></span> <span class='ocrx_word' id='word_1_854' title='bbox 1924 5641 2150 5716; x_wconf 80' lang='grc' dir='ltr'><strong>ἐξῆλθεν</strong></span> <span class='ocrx_word' id='word_1_855' title='bbox 2177 5645 2242 5698; x_wconf 81' lang='grc' dir='ltr'><strong>ἐκ</strong></span> <span class='ocrx_word' id='word_1_856' title='bbox 2303 5643 2397 5698; x_wconf 84' lang='grc' dir='ltr'><strong>τοῦ</strong></span> <span class='ocrx_word' id='word_1_857' title='bbox 2446 5642 2746 5714; x_wconf 81' lang='grc' dir='ltr'><strong>προσώπου</strong></span> <span class='ocrx_word' id='word_1_858' title='bbox 2803 5642 2969 5696; x_wconf 84' lang='grc' dir='ltr'><strong>αὐτοῦ</strong></span> <span class='ocrx_word' id='word_1_859' title='bbox 3001 5642 3412 5713; x_wconf 83' lang='grc' dir='ltr'><strong>λελεπρωμένος</strong></span> <span class='ocrx_word' id='word_1_860' title='bbox 3440 5640 3576 5693; x_wconf 70' lang='grc' dir='ltr'><strong>ὡσεὶ</strong></span> 
     </span>
    </p>
   </div>
   <div class='ocr_carea' id='block_1_111' title="bbox 283 5734 1819 5814">
    <p class='ocr_par' dir='ltr' id='par_1_111' title="bbox 283 5734 1819 5814">
     <span class='ocr_line' id='line_1_111' title="bbox 283 5734 1819 5814; baseline -0.004 -19"><span class='ocrx_word' id='word_1_861' title='bbox 283 5739 464 5814; x_wconf 73' lang='grc' dir='ltr'><strong>χιών.</strong></span> <span class='ocrx_word' id='word_1_862' title='bbox 482 5756 502 5789; x_wconf 74' lang='grc' dir='ltr'><strong>ι</strong></span> <span class='ocrx_word' id='word_1_863' title='bbox 1814 5734 1819 5739; x_wconf 64' lang='grc'><em>’</em></span> 
     </span>
    </p>
   </div>
   <div class='ocr_carea' id='block_1_112' title="bbox 1989 5089 3571 5160">
    <p class='ocr_par' dir='ltr' id='par_1_112' title="bbox 1989 5089 3571 5160">
     <span class='ocr_line' id='line_1_112' title="bbox 1989 5089 3571 5160; baseline -0.003 -13"><span class='ocrx_word' id='word_1_864' title='bbox 1989 5108 2092 5147; x_wconf 89' lang='lat' dir='ltr'><strong>suo</strong></span> <span class='ocrx_word' id='word_1_865' title='bbox 2117 5092 2173 5146; x_wconf 89' lang='lat' dir='ltr'><strong>in</strong></span> <span class='ocrx_word' id='word_1_866' title='bbox 2208 5107 2504 5147; x_wconf 86' lang='lat' dir='ltr'><strong>occursum</strong></span> <span class='ocrx_word' id='word_1_867' title='bbox 2534 5090 2653 5145; x_wconf 85' lang='lat' dir='ltr'><strong>tui?</strong></span> <span class='ocrx_word' id='word_1_868' title='bbox 2691 5089 2847 5144; x_wconf 82' lang='lat' dir='ltr'><strong>Nunc</strong></span> <span class='ocrx_word' id='word_1_869' title='bbox 2872 5090 3037 5160; x_wconf 84' lang='lat' dir='ltr'><strong>igitur</strong></span> <span class='ocrx_word' id='word_1_870' title='bbox 3066 5090 3331 5159; x_wconf 84' lang='lat' dir='ltr'><strong>accepisti</strong></span> <span class='ocrx_word' id='word_1_871' title='bbox 3369 5106 3571 5160; x_wconf 80' lang='lat' dir='ltr'><strong>argen-</strong></span> 
     </span>
    </p>
   </div>
   <div class='ocr_carea' id='block_1_113' title="bbox 1991 5183 3573 5254">
    <p class='ocr_par' dir='ltr' id='par_1_113' title="bbox 1991 5183 3573 5254">
     <span class='ocr_line' id='line_1_113' title="bbox 1991 5183 3573 5254; baseline -0.002 -15"><span class='ocrx_word' id='word_1_872' title='bbox 1991 5195 2127 5251; x_wconf 90' lang='lat' dir='ltr'><strong>tum,</strong></span> <span class='ocrx_word' id='word_1_873' title='bbox 2162 5194 2217 5239; x_wconf 91' lang='lat' dir='ltr'><strong>et</strong></span> <span class='ocrx_word' id='word_1_874' title='bbox 2272 5184 2535 5254; x_wconf 87' lang='lat' dir='ltr'><strong>accepisti</strong></span> <span class='ocrx_word' id='word_1_875' title='bbox 2618 5193 2836 5237; x_wconf 87' lang='lat' dir='ltr'><strong>vestes:</strong></span> <span class='ocrx_word' id='word_1_876' title='bbox 2894 5192 2955 5237; x_wconf 88' lang='lat' dir='ltr'><strong>ut</strong></span> <span class='ocrx_word' id='word_1_877' title='bbox 3011 5198 3163 5237; x_wconf 87' lang='lat' dir='ltr'><strong>emas</strong></span> <span class='ocrx_word' id='word_1_878' title='bbox 3234 5183 3454 5247; x_wconf 82' lang='lat' dir='ltr'><strong>oliveta,</strong></span> <span class='ocrx_word' id='word_1_879' title='bbox 3518 5191 3573 5237; x_wconf 84' lang='lat' dir='ltr'><strong>et</strong></span> 
     </span>
    </p>
   </div>
   <div class='ocr_carea' id='block_1_114' title="bbox 365 5843 1866 5923">
    <p class='ocr_par' dir='ltr' id='par_1_114' title="bbox 365 5849 1866 5923">
     <span class='ocr_line' id='line_1_114' title="bbox 365 5849 1866 5923; baseline -0.003 -15"><span class='ocrx_word' id='word_1_880' title='bbox 365 5858 418 5891; x_wconf 77' lang='grc'><strong>³⁸</strong></span> <span class='ocrx_word' id='word_1_881' title='bbox 460 5855 584 5910; x_wconf 88' lang='lat' dir='ltr'><strong>Act.</strong></span> <span class='ocrx_word' id='word_1_882' title='bbox 612 5869 728 5919; x_wconf 86' lang='lat' dir='ltr'><strong>vm,</strong></span> <span class='ocrx_word' id='word_1_883' title='bbox 756 5851 939 5907; x_wconf 66' lang='lat'><strong>18-25.</strong></span> <span class='ocrx_word' id='word_1_884' title='bbox 976 5853 1018 5885; x_wconf 89' lang='grc'><strong>³¹</strong></span> <span class='ocrx_word' id='word_1_885' title='bbox 1063 5851 1127 5907; x_wconf 86' lang='lat' dir='ltr'><strong>Ill</strong></span> <span class='ocrx_word' id='word_1_886' title='bbox 1153 5851 1285 5923; x_wconf 75' lang='lat' dir='ltr'><strong>Reg.</strong></span> <span class='ocrx_word' id='word_1_887' title='bbox 1324 5868 1443 5917; x_wconf 75' lang='lat' dir='ltr'><strong>xm,</strong></span> <span class='ocrx_word' id='word_1_888' title='bbox 1469 5852 1556 5919; x_wconf 72' lang='grc'><strong>⁸54,</strong></span> <span class='ocrx_word' id='word_1_889' title='bbox 1588 5852 1677 5907; x_wconf 65' lang='grc'><strong>54.</strong></span> <span class='ocrx_word' id='word_1_890' title='bbox 1757 5852 1799 5885; x_wconf 82' lang='grc'><strong>³²</strong></span> <span class='ocrx_word' id='word_1_891' title='bbox 1832 5849 1866 5904; x_wconf 84' lang='lat' dir='ltr'><strong>l‘</strong></span> 
     </span>
    </p>
   </div>
   <div class='ocr_carea' id='block_1_115' title="bbox 1973 5843 3563 5923">
    <p class='ocr_par' dir='ltr' id='par_1_115' title="bbox 1973 5843 3563 5923">
     <span class='ocr_line' id='line_1_115' title="bbox 1973 5843 3563 5923; baseline -0.003 -16"><span class='ocrx_word' id='word_1_892' title='bbox 1973 5867 2052 5923; x_wconf 80' lang='lat' dir='ltr'><strong>eg.</strong></span> <span class='ocrx_word' id='word_1_893' title='bbox 2087 5866 2137 5917; x_wconf 79' lang='grc' dir='ltr'><strong>ν,</strong></span> <span class='ocrx_word' id='word_1_894' title='bbox 2169 5851 2257 5919; x_wconf 75' lang='grc'><strong>15,</strong></span> <span class='ocrx_word' id='word_1_895' title='bbox 2291 5849 2375 5908; x_wconf 83' lang='grc'><strong>16.</strong></span> <span class='ocrx_word' id='word_1_896' title='bbox 2408 5851 2451 5885; x_wconf 88' lang='grc'>³³</span> <span class='ocrx_word' id='word_1_897' title='bbox 2479 5848 2611 5907; x_wconf 84' lang='lat' dir='ltr'><strong>ibid.</strong></span> <span class='ocrx_word' id='word_1_898' title='bbox 2639 5849 2731 5915; x_wconf 68' lang='grc' dir='ltr'><strong>ΞΟ,</strong></span> <span class='ocrx_word' id='word_1_899' title='bbox 2763 5849 2810 5882; x_wconf 60' lang='grc'>³⁸</span> <span class='ocrx_word' id='word_1_900' title='bbox 2835 5847 2944 5903; x_wconf 88' lang='lat' dir='ltr'><strong>ibid</strong></span> <span class='ocrx_word' id='word_1_901' title='bbox 2969 5847 3062 5902; x_wconf 69' lang='lat'><strong>23.</strong></span> <span class='ocrx_word' id='word_1_902' title='bbox 3139 5847 3184 5880; x_wconf 84' lang='grc'>⁸⁸</span> <span class='ocrx_word' id='word_1_903' title='bbox 3212 5846 3343 5902; x_wconf 83' lang='lat' dir='ltr'><strong>ibid.</strong></span> <span class='ocrx_word' id='word_1_904' title='bbox 3368 5843 3563 5902; x_wconf 66' lang='lat'><strong>25-27.</strong></span> 
     </span>
    </p>
   </div>
  </div>
