  <div class='ocr_page' id='page_1' title='image "/cluster/home/n/w/nwhite01/storage/ocr_20150623/98/coo.31924054870021/734.png"; bbox 0 0 4026 6388; ppageno 0'>
   <div class='ocr_carea' id='block_1_1' title="bbox 257 403 384 470">
    <p class='ocr_par' dir='ltr' id='par_1_1' title="bbox 257 403 384 470">
     <span class='ocr_line' id='line_1_1' title="bbox 257 403 384 470; baseline -0.016 0"><span class='ocrx_word' id='word_1_1' title='bbox 257 403 384 470; x_wconf 68' lang='grc'><strong>1449</strong></span> 
     </span>
    </p>
   </div>
   <div class='ocr_carea' id='block_1_2' title="bbox 1667 395 2072 459">
    <p class='ocr_par' dir='ltr' id='par_1_2' title="bbox 1667 395 2072 459">
     <span class='ocr_line' id='line_1_2' title="bbox 1667 395 2072 459; baseline -0.007 0"><span class='ocrx_word' id='word_1_2' title='bbox 1667 395 2072 459; x_wconf 68' lang='lat' dir='ltr'><strong>EPISTULE.</strong></span> 
     </span>
    </p>
   </div>
   <div class='ocr_carea' id='block_1_3' title="bbox 3398 382 3534 452">
    <p class='ocr_par' dir='ltr' id='par_1_3' title="bbox 3398 382 3534 452">
     <span class='ocr_line' id='line_1_3' title="bbox 3398 382 3534 452; baseline 0.015 -2"><span class='ocrx_word' id='word_1_3' title='bbox 3398 382 3534 452; x_wconf 69' lang='grc'><strong>1450</strong></span> 
     </span>
    </p>
   </div>
   <div class='ocr_carea' id='block_1_4' title="bbox 255 503 1851 589">
    <p class='ocr_par' dir='ltr' id='par_1_4' title="bbox 255 511 1837 589">
     <span class='ocr_line' id='line_1_4' title="bbox 255 511 1837 589; baseline -0.004 -15"><span class='ocrx_word' id='word_1_4' title='bbox 255 524 360 574; x_wconf 85' lang='grc' dir='ltr'>τῶν</span> <span class='ocrx_word' id='word_1_5' title='bbox 419 517 518 589; x_wconf 83' lang='grc' dir='ltr'>μὲν</span> <span class='ocrx_word' id='word_1_6' title='bbox 573 517 796 582; x_wconf 83' lang='grc' dir='ltr'>λαῖκῶν,</span> <span class='ocrx_word' id='word_1_7' title='bbox 849 515 957 571; x_wconf 80' lang='grc' dir='ltr'><strong>τῶν</strong></span> <span class='ocrx_word' id='word_1_8' title='bbox 1005 515 1064 570; x_wconf 81' lang='grc' dir='ltr'>δὲ</span> <span class='ocrx_word' id='word_1_9' title='bbox 1113 516 1525 588; x_wconf 82' lang='grc' dir='ltr'>πρεσϐυτέρων,</span> <span class='ocrx_word' id='word_1_10' title='bbox 1585 511 1667 577; x_wconf 76' lang='grc' dir='ltr'>οἷς</span> <span class='ocrx_word' id='word_1_11' title='bbox 1720 515 1837 568; x_wconf 77' lang='grc' dir='ltr'>ἔδο-</span> 
     </span>
    </p>
   </div>
   <div class='ocr_carea' id='block_1_5' title="bbox 1959 503 3533 589">
    <p class='ocr_par' dir='ltr' id='par_1_5' title="bbox 1965 503 3533 582">
     <span class='ocr_line' id='line_1_5' title="bbox 1965 503 3533 582; baseline -0.003 -20"><span class='ocrx_word' id='word_1_12' title='bbox 1965 520 2096 565; x_wconf 65' lang='lat' dir='ltr'><strong>~ant.</strong></span> <span class='ocrx_word' id='word_1_13' title='bbox 2132 511 2377 582; x_wconf 83' lang='lat' dir='ltr'><strong>Cumque</strong></span> <span class='ocrx_word' id='word_1_14' title='bbox 2405 519 2793 582; x_wconf 86' lang='lat' dir='ltr'><strong>permanerent</strong></span> <span class='ocrx_word' id='word_1_15' title='bbox 2844 514 3009 563; x_wconf 83' lang='lat' dir='ltr'><strong>testes</strong></span> <span class='ocrx_word' id='word_1_16' title='bbox 3047 515 3156 562; x_wconf 87' lang='lat' dir='ltr'><strong>tam</strong></span> <span class='ocrx_word' id='word_1_17' title='bbox 3206 503 3330 560; x_wconf 86' lang='lat' dir='ltr'><strong>iaici</strong></span> <span class='ocrx_word' id='word_1_18' title='bbox 3365 521 3533 574; x_wconf 84' lang='lat' dir='ltr'><strong>quam</strong></span> 
     </span>
    </p>
   </div>
   <div class='ocr_carea' id='block_1_6' title="bbox 258 605 1842 682">
    <p class='ocr_par' dir='ltr' id='par_1_6' title="bbox 258 605 1842 682">
     <span class='ocr_line' id='line_1_6' title="bbox 258 605 1842 682; baseline -0.005 -16"><span class='ocrx_word' id='word_1_19' title='bbox 258 613 350 678; x_wconf 85' lang='grc' dir='ltr'><strong>ξαν</strong></span> <span class='ocrx_word' id='word_1_20' title='bbox 377 609 777 682; x_wconf 76' lang='grc' dir='ltr'>τεθαρῤηκέναι</span> <span class='ocrx_word' id='word_1_21' title='bbox 799 627 810 640; x_wconf 88' lang='grc'><strong>·</strong></span> <span class='ocrx_word' id='word_1_22' title='bbox 845 611 1008 663; x_wconf 79' lang='grc' dir='ltr'>τινῶν</span> <span class='ocrx_word' id='word_1_23' title='bbox 1031 609 1096 662; x_wconf 80' lang='grc' dir='ltr'>δὲ</span> <span class='ocrx_word' id='word_1_24' title='bbox 1131 611 1227 664; x_wconf 78' lang='grc' dir='ltr'><strong>καὶ</strong></span> <span class='ocrx_word' id='word_1_25' title='bbox 1286 609 1588 678; x_wconf 84' lang='grc' dir='ltr'>γυναικῶν,</span> <span class='ocrx_word' id='word_1_26' title='bbox 1651 609 1746 660; x_wconf 75' lang='grc' dir='ltr'><strong>καὶ</strong></span> <span class='ocrx_word' id='word_1_27' title='bbox 1772 605 1842 658; x_wconf 75' lang='grc' dir='ltr'><strong>τά</strong></span> 
     </span>
    </p>
   </div>
   <div class='ocr_carea' id='block_1_7' title="bbox 259 698 1842 775">
    <p class='ocr_par' dir='ltr' id='par_1_7' title="bbox 259 698 1842 775">
     <span class='ocr_line' id='line_1_7' title="bbox 259 698 1842 775; baseline -0.006 -17"><span class='ocrx_word' id='word_1_28' title='bbox 259 704 370 774; x_wconf 71' lang='grc' dir='ltr'>εἴδη</span> <span class='ocrx_word' id='word_1_29' title='bbox 395 701 505 756; x_wconf 86' lang='grc' dir='ltr'>τῶν</span> <span class='ocrx_word' id='word_1_30' title='bbox 532 701 809 775; x_wconf 73' lang='grc' dir='ltr'><strong>ἐνεχύρων</strong></span> <span class='ocrx_word' id='word_1_31' title='bbox 861 701 1153 771; x_wconf 87' lang='grc' dir='ltr'>λεγόντων,</span> <span class='ocrx_word' id='word_1_32' title='bbox 1179 703 1310 764; x_wconf 74' lang='grc' dir='ltr'>τοὺς</span> <span class='ocrx_word' id='word_1_33' title='bbox 1339 701 1556 764; x_wconf 78' lang='grc' dir='ltr'>τόπους,</span> <span class='ocrx_word' id='word_1_34' title='bbox 1587 700 1681 752; x_wconf 79' lang='grc' dir='ltr'><strong>καὶ</strong></span> <span class='ocrx_word' id='word_1_35' title='bbox 1713 698 1842 760; x_wconf 77' lang='grc' dir='ltr'>τοὺς</span> 
     </span>
    </p>
   </div>
   <div class='ocr_carea' id='block_1_8' title="bbox 260 787 1842 862">
    <p class='ocr_par' dir='ltr' id='par_1_8' title="bbox 260 787 1842 862">
     <span class='ocr_line' id='line_1_8' title="bbox 260 787 1842 862; baseline -0.003 -17"><span class='ocrx_word' id='word_1_36' title='bbox 260 791 506 861; x_wconf 77' lang='grc' dir='ltr'>καιροὺς,</span> <span class='ocrx_word' id='word_1_37' title='bbox 557 791 654 844; x_wconf 72' lang='grc' dir='ltr'>καὶ</span> <span class='ocrx_word' id='word_1_38' title='bbox 679 790 780 861; x_wconf 85' lang='grc' dir='ltr'>τὴν</span> <span class='ocrx_word' id='word_1_39' title='bbox 833 793 1132 862; x_wconf 78' lang='grc' dir='ltr'><strong>ποσότητα,</strong></span> <span class='ocrx_word' id='word_1_40' title='bbox 1167 792 1229 844; x_wconf 88' lang='grc' dir='ltr'><strong>ού</strong></span> <span class='ocrx_word' id='word_1_41' title='bbox 1259 791 1400 844; x_wconf 85' lang='grc' dir='ltr'>πάνυ</span> <span class='ocrx_word' id='word_1_42' title='bbox 1431 789 1612 854; x_wconf 87' lang='grc' dir='ltr'>καλῶς</span> <span class='ocrx_word' id='word_1_43' title='bbox 1663 787 1842 842; x_wconf 84' lang='grc' dir='ltr'>αὐτῶν</span> 
     </span>
    </p>
   </div>
   <div class='ocr_carea' id='block_1_9' title="bbox 259 881 1843 956">
    <p class='ocr_par' dir='ltr' id='par_1_9' title="bbox 259 881 1843 956">
     <span class='ocr_line' id='line_1_9' title="bbox 259 881 1843 956; baseline -0.001 -20"><span class='ocrx_word' id='word_1_44' title='bbox 259 883 608 955; x_wconf 74' lang='grc' dir='ltr'><strong>διακειμένης</strong></span> <span class='ocrx_word' id='word_1_45' title='bbox 659 884 759 954; x_wconf 80' lang='grc' dir='ltr'><strong>τῆς</strong></span> <span class='ocrx_word' id='word_1_46' title='bbox 821 885 1182 956; x_wconf 80' lang='grc' dir='ltr'>συνειδήσεως</span> <span class='ocrx_word' id='word_1_47' title='bbox 1215 925 1229 948; x_wconf 90' lang='grc'><strong>,</strong></span> <span class='ocrx_word' id='word_1_48' title='bbox 1283 883 1596 954; x_wconf 71' lang='grc' dir='ltr'><strong>αὐθαίρετοι</strong></span> <span class='ocrx_word' id='word_1_49' title='bbox 1647 881 1843 953; x_wconf 81' lang='grc' dir='ltr'>ὁμολο-</span> 
     </span>
    </p>
   </div>
   <div class='ocr_carea' id='block_1_10' title="bbox 262 974 1841 1048">
    <p class='ocr_par' dir='ltr' id='par_1_10' title="bbox 262 974 1841 1048">
     <span class='ocr_line' id='line_1_10' title="bbox 262 974 1841 1048; baseline -0.001 -19"><span class='ocrx_word' id='word_1_50' title='bbox 262 974 418 1046; x_wconf 84' lang='grc' dir='ltr'>γοῦσι</span> <span class='ocrx_word' id='word_1_51' title='bbox 441 977 569 1047; x_wconf 86' lang='grc' dir='ltr'>δίχα</span> <span class='ocrx_word' id='word_1_52' title='bbox 623 976 827 1048; x_wconf 80' lang='grc' dir='ltr'>πολλῆς</span> <span class='ocrx_word' id='word_1_53' title='bbox 870 977 1119 1048; x_wconf 84' lang='grc' dir='ltr'><strong>ἀνάγκης</strong></span> <span class='ocrx_word' id='word_1_54' title='bbox 1151 992 1166 1007; x_wconf 82' lang='grc'>⁶</span> <span class='ocrx_word' id='word_1_55' title='bbox 1207 977 1290 1030; x_wconf 84' lang='grc' dir='ltr'><strong>ὅτι</strong></span> <span class='ocrx_word' id='word_1_56' title='bbox 1319 976 1657 1046; x_wconf 81' lang='grc' dir='ltr'><strong>δεδώκαμεν,</strong></span> <span class='ocrx_word' id='word_1_57' title='bbox 1708 978 1841 1044; x_wconf 80' lang='grc' dir='ltr'>ὁμο-</span> 
     </span>
    </p>
   </div>
   <div class='ocr_carea' id='block_1_11' title="bbox 260 1067 1845 1140">
    <p class='ocr_par' dir='ltr' id='par_1_11' title="bbox 260 1067 1845 1140">
     <span class='ocr_line' id='line_1_11' title="bbox 260 1067 1845 1140; baseline 0 -20"><span class='ocrx_word' id='word_1_58' title='bbox 260 1067 551 1138; x_wconf 84' lang='grc' dir='ltr'>λογοῦμεν.</span> <span class='ocrx_word' id='word_1_59' title='bbox 584 1070 682 1122; x_wconf 75' lang='grc' dir='ltr'>καί.</span> <span class='ocrx_word' id='word_1_60' title='bbox 731 1069 1040 1140; x_wconf 83' lang='grc' dir='ltr'><strong>γεγόναμεν</strong></span> <span class='ocrx_word' id='word_1_61' title='bbox 1071 1069 1332 1138; x_wconf 81' lang='grc' dir='ltr'><strong>τοιαύτην</strong></span> <span class='ocrx_word' id='word_1_62' title='bbox 1361 1067 1684 1140; x_wconf 86' lang='grc' dir='ltr'>νομίσαντες</span> <span class='ocrx_word' id='word_1_63' title='bbox 1714 1067 1845 1120; x_wconf 85' lang='grc' dir='ltr'>ἀκο-</span> 
     </span>
    </p>
   </div>
   <div class='ocr_carea' id='block_1_12' title="bbox 260 1157 1847 1232">
    <p class='ocr_par' dir='ltr' id='par_1_12' title="bbox 260 1157 1847 1232">
     <span class='ocr_line' id='line_1_12' title="bbox 260 1157 1847 1232; baseline 0 -19"><span class='ocrx_word' id='word_1_64' title='bbox 260 1159 480 1214; x_wconf 81' lang='grc' dir='ltr'>λουθίαν</span> <span class='ocrx_word' id='word_1_65' title='bbox 543 1157 704 1216; x_wconf 88' lang='grc' dir='ltr'>εἷναι.</span> <span class='ocrx_word' id='word_1_66' title='bbox 749 1160 866 1214; x_wconf 79' lang='grc' dir='ltr'>Ἵνα</span> <span class='ocrx_word' id='word_1_67' title='bbox 903 1159 1147 1232; x_wconf 79' lang='grc' dir='ltr'><strong>δόξωμεν</strong></span> <span class='ocrx_word' id='word_1_68' title='bbox 1181 1161 1282 1232; x_wconf 78' lang='grc' dir='ltr'>τῆς</span> <span class='ocrx_word' id='word_1_69' title='bbox 1321 1161 1519 1230; x_wconf 82' lang='grc' dir='ltr'>βουλῆς</span> <span class='ocrx_word' id='word_1_70' title='bbox 1554 1161 1654 1230; x_wconf 73' lang='grc' dir='ltr'>τῆς</span> <span class='ocrx_word' id='word_1_71' title='bbox 1679 1157 1847 1231; x_wconf 82' lang='grc' dir='ltr'>δημο-</span> 
     </span>
    </p>
   </div>
   <div class='ocr_carea' id='block_1_13' title="bbox 265 1251 1846 1325">
    <p class='ocr_par' dir='ltr' id='par_1_13' title="bbox 265 1251 1846 1325">
     <span class='ocr_line' id='line_1_13' title="bbox 265 1251 1846 1325; baseline -0.002 -19"><span class='ocrx_word' id='word_1_72' title='bbox 265 1253 381 1316; x_wconf 88' lang='grc' dir='ltr'>σίας</span> <span class='ocrx_word' id='word_1_73' title='bbox 430 1251 872 1325; x_wconf 79' lang='grc' dir='ltr'>ἐλευθεροῦσθαι.</span> <span class='ocrx_word' id='word_1_74' title='bbox 932 1253 1044 1306; x_wconf 78' lang='grc' dir='ltr'>Καὶ</span> <span class='ocrx_word' id='word_1_75' title='bbox 1075 1253 1172 1306; x_wconf 81' lang='grc' dir='ltr'><strong>νῦν</strong></span> <span class='ocrx_word' id='word_1_76' title='bbox 1203 1252 1462 1324; x_wconf 86' lang='grc' dir='ltr'>δεόμεθα,</span> <span class='ocrx_word' id='word_1_77' title='bbox 1498 1253 1545 1304; x_wconf 87' lang='grc' dir='ltr'>εἰ</span> <span class='ocrx_word' id='word_1_78' title='bbox 1572 1252 1674 1321; x_wconf 76' lang='grc' dir='ltr'>μέν</span> <span class='ocrx_word' id='word_1_79' title='bbox 1697 1253 1846 1304; x_wconf 79' lang='grc' dir='ltr'>ἐστιν</span> 
     </span>
    </p>
   </div>
   <div class='ocr_carea' id='block_1_14' title="bbox 261 1339 1842 1416">
    <p class='ocr_par' dir='ltr' id='par_1_14' title="bbox 261 1339 1842 1416">
     <span class='ocr_line' id='line_1_14' title="bbox 261 1339 1842 1416; baseline -0.001 -18"><span class='ocrx_word' id='word_1_80' title='bbox 261 1345 404 1398; x_wconf 82' lang='grc' dir='ltr'>ὅσιον</span> <span class='ocrx_word' id='word_1_81' title='bbox 457 1344 607 1414; x_wconf 82' lang='grc' dir='ltr'>ἡμᾶς</span> <span class='ocrx_word' id='word_1_82' title='bbox 640 1339 782 1398; x_wconf 78' lang='grc' dir='ltr'>εἶναι</span> <span class='ocrx_word' id='word_1_83' title='bbox 831 1347 888 1398; x_wconf 78' lang='grc' dir='ltr'><strong>ὲν</strong></span> <span class='ocrx_word' id='word_1_84' title='bbox 919 1347 987 1415; x_wconf 81' lang='grc' dir='ltr'>τῇ</span> <span class='ocrx_word' id='word_1_85' title='bbox 1019 1344 1335 1416; x_wconf 76' lang='grc' dir='ltr'><strong>λειτουργίᾳ</strong></span> <span class='ocrx_word' id='word_1_86' title='bbox 1370 1347 1474 1412; x_wconf 78' lang='grc' dir='ltr'><strong>τῆς</strong></span> <span class='ocrx_word' id='word_1_87' title='bbox 1502 1342 1800 1411; x_wconf 72' lang='grc' dir='ltr'>ἐκκλησίας</span> <span class='ocrx_word' id='word_1_88' title='bbox 1823 1357 1842 1376; x_wconf 78' lang='grc' dir='ltr'><strong><em>ο</em></strong></span> 
     </span>
    </p>
   </div>
   <div class='ocr_carea' id='block_1_15' title="bbox 263 1432 1843 1506">
    <p class='ocr_par' dir='ltr' id='par_1_15' title="bbox 263 1432 1843 1506">
     <span class='ocr_line' id='line_1_15' title="bbox 263 1432 1843 1506; baseline -0.001 -19"><span class='ocrx_word' id='word_1_89' title='bbox 263 1433 381 1488; x_wconf 71' lang='grc' dir='ltr'>ἐπεὶ</span> <span class='ocrx_word' id='word_1_90' title='bbox 433 1435 538 1488; x_wconf 73' lang='grc' dir='ltr'>κᾶν</span> <span class='ocrx_word' id='word_1_91' title='bbox 597 1434 658 1488; x_wconf 81' lang='grc' dir='ltr'><strong>τὸ</strong></span> <span class='ocrx_word' id='word_1_92' title='bbox 706 1435 932 1506; x_wconf 85' lang='grc' dir='ltr'>χρυσίον</span> <span class='ocrx_word' id='word_1_93' title='bbox 966 1435 994 1487; x_wconf 81' lang='grc' dir='ltr'><strong>ὃ</strong></span> <span class='ocrx_word' id='word_1_94' title='bbox 1043 1433 1378 1505; x_wconf 85' lang='grc' dir='ltr'>δεδώκαμεν,</span> <span class='ocrx_word' id='word_1_95' title='bbox 1430 1433 1518 1488; x_wconf 86' lang='grc' dir='ltr'><strong>ῖνα</strong></span> <span class='ocrx_word' id='word_1_96' title='bbox 1566 1432 1843 1504; x_wconf 88' lang='grc' dir='ltr'>λάϐωμεν.</span> 
     </span>
    </p>
   </div>
   <div class='ocr_carea' id='block_1_16' title="bbox 263 1525 1844 1600">
    <p class='ocr_par' dir='ltr' id='par_1_16' title="bbox 263 1525 1844 1600">
     <span class='ocr_line' id='line_1_16' title="bbox 263 1525 1844 1600; baseline -0.003 -18"><span class='ocrx_word' id='word_1_97' title='bbox 263 1527 380 1582; x_wconf 83' lang='grc' dir='ltr'><strong>Τῶν</strong></span> <span class='ocrx_word' id='word_1_98' title='bbox 408 1527 518 1600; x_wconf 72' lang='grc' dir='ltr'><strong>γὰρ</strong></span> <span class='ocrx_word' id='word_1_99' title='bbox 565 1528 841 1597; x_wconf 86' lang='grc' dir='ltr'>γυναικῶν</span> <span class='ocrx_word' id='word_1_100' title='bbox 891 1527 1052 1599; x_wconf 80' lang='grc' dir='ltr'>ἡμῶν</span> <span class='ocrx_word' id='word_1_101' title='bbox 1112 1527 1432 1599; x_wconf 73' lang='grc' dir='ltr'>δεδώκαμεν</span> <span class='ocrx_word' id='word_1_102' title='bbox 1477 1541 1601 1580; x_wconf 82' lang='grc' dir='ltr'>τινα</span> <span class='ocrx_word' id='word_1_103' title='bbox 1651 1525 1844 1595; x_wconf 86' lang='grc' dir='ltr'>σκεύη.</span> 
     </span>
    </p>
   </div>
   <div class='ocr_carea' id='block_1_17' title="bbox 273 1610 1847 1688">
    <p class='ocr_par' dir='ltr' id='par_1_17' title="bbox 273 1610 1847 1688">
     <span class='ocr_line' id='line_1_17' title="bbox 273 1610 1847 1688; baseline -0.002 -18"><span class='ocrx_word' id='word_1_104' title='bbox 273 1617 526 1688; x_wconf 75' lang='grc' dir='ltr'><strong>Ἰωάννης</strong></span> <span class='ocrx_word' id='word_1_105' title='bbox 556 1616 694 1687; x_wconf 74' lang='grc' dir='ltr'>πρὸς</span> <span class='ocrx_word' id='word_1_106' title='bbox 739 1615 916 1670; x_wconf 78' lang='grc' dir='ltr'>ταῦτα</span> <span class='ocrx_word' id='word_1_107' title='bbox 941 1617 1213 1686; x_wconf 81' lang='grc' dir='ltr'>ὑπέσχετο</span> <span class='ocrx_word' id='word_1_108' title='bbox 1256 1618 1323 1686; x_wconf 79' lang='grc' dir='ltr'>τῇ</span> <span class='ocrx_word' id='word_1_109' title='bbox 1351 1615 1574 1686; x_wconf 81' lang='grc' dir='ltr'><strong>συνόδῳ,</strong></span> <span class='ocrx_word' id='word_1_110' title='bbox 1607 1615 1689 1668; x_wconf 79' lang='grc' dir='ltr'>ὅτι</span> <span class='ocrx_word' id='word_1_111' title='bbox 1737 1610 1847 1667; x_wconf 80' lang='grc' dir='ltr'>Τοῦ</span> 
     </span>
    </p>
   </div>
   <div class='ocr_carea' id='block_1_18' title="bbox 266 1705 1850 1780">
    <p class='ocr_par' dir='ltr' id='par_1_18' title="bbox 266 1705 1850 1780">
     <span class='ocr_line' id='line_1_18' title="bbox 266 1705 1850 1780; baseline -0.001 -19"><span class='ocrx_word' id='word_1_112' title='bbox 266 1709 361 1777; x_wconf 82' lang='grc' dir='ltr'>μὲν</span> <span class='ocrx_word' id='word_1_113' title='bbox 413 1707 800 1778; x_wconf 77' lang='grc' dir='ltr'>βουλευτηρίου</span> <span class='ocrx_word' id='word_1_114' title='bbox 851 1708 964 1778; x_wconf 70' lang='grc' dir='ltr'>ἐγὼ</span> <span class='ocrx_word' id='word_1_115' title='bbox 1011 1710 1212 1773; x_wconf 79' lang='grc' dir='ltr'>αὐτοὺς</span> <span class='ocrx_word' id='word_1_116' title='bbox 1272 1711 1371 1763; x_wconf 81' lang='grc' dir='ltr'><strong>σὺν</strong></span> <span class='ocrx_word' id='word_1_117' title='bbox 1401 1707 1523 1780; x_wconf 82' lang='grc' dir='ltr'><strong>Θεῷ</strong></span> <span class='ocrx_word' id='word_1_118' title='bbox 1565 1705 1850 1762; x_wconf 75' lang='grc' dir='ltr'>ἀπαλλάσο</span> 
     </span>
    </p>
   </div>
   <div class='ocr_carea' id='block_1_19' title="bbox 263 1796 1844 1872">
    <p class='ocr_par' dir='ltr' id='par_1_19' title="bbox 263 1796 1844 1872">
     <span class='ocr_line' id='line_1_19' title="bbox 263 1796 1844 1872; baseline -0.001 -19"><span class='ocrx_word' id='word_1_119' title='bbox 263 1817 338 1853; x_wconf 88' lang='grc' dir='ltr'><strong>σω</strong></span> <span class='ocrx_word' id='word_1_120' title='bbox 373 1841 388 1865; x_wconf 98' lang='grc'><strong>,</strong></span> <span class='ocrx_word' id='word_1_121' title='bbox 436 1798 676 1864; x_wconf 75' lang='grc' dir='ltr'><strong>ἀξιώσας</strong></span> <span class='ocrx_word' id='word_1_122' title='bbox 727 1800 820 1853; x_wconf 81' lang='grc' dir='ltr'><strong>τὸν</strong></span> <span class='ocrx_word' id='word_1_123' title='bbox 878 1800 1144 1871; x_wconf 83' lang='grc' dir='ltr'><strong>βασιλέα·</strong></span> <span class='ocrx_word' id='word_1_124' title='bbox 1183 1796 1346 1872; x_wconf 75' lang='grc' dir='ltr'>ὑμεῖς</span> <span class='ocrx_word' id='word_1_125' title='bbox 1392 1800 1452 1854; x_wconf 72' lang='grc' dir='ltr'>δὲ</span> <span class='ocrx_word' id='word_1_126' title='bbox 1497 1799 1844 1870; x_wconf 83' lang='grc' dir='ltr'>προστάξατε</span> 
     </span>
    </p>
   </div>
   <div class='ocr_carea' id='block_1_20' title="bbox 264 1891 1850 1964">
    <p class='ocr_par' dir='ltr' id='par_1_20' title="bbox 264 1891 1850 1964">
     <span class='ocr_line' id='line_1_20' title="bbox 264 1891 1850 1964; baseline -0.001 -19"><span class='ocrx_word' id='word_1_127' title='bbox 264 1893 460 1956; x_wconf 80' lang='grc' dir='ltr'>αὐτοὺς</span> <span class='ocrx_word' id='word_1_128' title='bbox 481 1892 665 1946; x_wconf 85' lang='grc' dir='ltr'>λαϐεῖν</span> <span class='ocrx_word' id='word_1_129' title='bbox 695 1892 731 1946; x_wconf 71' lang='grc' dir='ltr'><strong>ἃ.</strong></span> <span class='ocrx_word' id='word_1_130' title='bbox 754 1891 1019 1948; x_wconf 81' lang='grc' dir='ltr'>δεδώκασι</span> <span class='ocrx_word' id='word_1_131' title='bbox 1045 1893 1199 1964; x_wconf 87' lang='grc' dir='ltr'><strong>παρά</strong></span> <span class='ocrx_word' id='word_1_132' title='bbox 1220 1893 1328 1946; x_wconf 86' lang='grc' dir='ltr'>τῶν</span> <span class='ocrx_word' id='word_1_133' title='bbox 1366 1893 1688 1946; x_wconf 78' lang='grc' dir='ltr'>Ἀντωνίνου</span> <span class='ocrx_word' id='word_1_134' title='bbox 1717 1891 1850 1962; x_wconf 80' lang='grc' dir='ltr'>κλη-</span> 
     </span>
    </p>
   </div>
   <div class='ocr_carea' id='block_1_21' title="bbox 265 1982 1851 2056">
    <p class='ocr_par' dir='ltr' id='par_1_21' title="bbox 265 1982 1851 2056">
     <span class='ocr_line' id='line_1_21' title="bbox 265 1982 1851 2056; baseline -0.002 -17"><span class='ocrx_word' id='word_1_135' title='bbox 265 1985 531 2054; x_wconf 85' lang='grc' dir='ltr'>ρονόμων.</span> <span class='ocrx_word' id='word_1_136' title='bbox 591 1983 934 2056; x_wconf 80' lang='grc' dir='ltr'>Προσέταξεν</span> <span class='ocrx_word' id='word_1_137' title='bbox 980 1985 1012 2054; x_wconf 87' lang='grc' dir='ltr'><strong>ή</strong></span> <span class='ocrx_word' id='word_1_138' title='bbox 1059 1983 1299 2049; x_wconf 83' lang='grc' dir='ltr'>σύνοδος,</span> <span class='ocrx_word' id='word_1_139' title='bbox 1351 1982 1416 2037; x_wconf 86' lang='grc' dir='ltr'><strong>τδ</strong></span> <span class='ocrx_word' id='word_1_140' title='bbox 1465 1982 1568 2054; x_wconf 81' lang='grc' dir='ltr'><strong>μὲν</strong></span> <span class='ocrx_word' id='word_1_141' title='bbox 1622 1982 1851 2055; x_wconf 88' lang='grc' dir='ltr'>χρυσίον</span> 
     </span>
    </p>
   </div>
   <div class='ocr_carea' id='block_1_22' title="bbox 264 2072 1848 2147">
    <p class='ocr_par' dir='ltr' id='par_1_22' title="bbox 264 2072 1848 2147">
     <span class='ocr_line' id='line_1_22' title="bbox 264 2072 1848 2147; baseline -0.003 -18"><span class='ocrx_word' id='word_1_142' title='bbox 264 2076 463 2139; x_wconf 75' lang='grc' dir='ltr'>αὐτοὺς</span> <span class='ocrx_word' id='word_1_143' title='bbox 522 2076 707 2128; x_wconf 77' lang='grc' dir='ltr'>λαϐεῖν</span> <span class='ocrx_word' id='word_1_144' title='bbox 755 2073 909 2147; x_wconf 83' lang='grc' dir='ltr'>παρὰ</span> <span class='ocrx_word' id='word_1_145' title='bbox 947 2075 1058 2128; x_wconf 81' lang='grc' dir='ltr'><strong>τῶν</strong></span> <span class='ocrx_word' id='word_1_146' title='bbox 1110 2073 1470 2146; x_wconf 83' lang='grc' dir='ltr'>κληρονόμων</span> <span class='ocrx_word' id='word_1_147' title='bbox 1501 2072 1848 2134; x_wconf 76' lang='grc' dir='ltr'>’Δντωνίνου,</span> 
     </span>
    </p>
   </div>
   <div class='ocr_carea' id='block_1_23' title="bbox 264 2163 1853 2246">
    <p class='ocr_par' dir='ltr' id='par_1_23' title="bbox 264 2163 1853 2246">
     <span class='ocr_line' id='line_1_23' title="bbox 264 2163 1853 2246; baseline -0.003 -24"><span class='ocrx_word' id='word_1_148' title='bbox 264 2171 542 2222; x_wconf 87' lang='grc' dir='ltr'>κοινωνεῖν</span> <span class='ocrx_word' id='word_1_149' title='bbox 568 2170 624 2222; x_wconf 81' lang='grc' dir='ltr'>δὲ</span> <span class='ocrx_word' id='word_1_150' title='bbox 649 2167 796 2221; x_wconf 77' lang='grc' dir='ltr'>ἔνδον</span> <span class='ocrx_word' id='word_1_151' title='bbox 846 2166 942 2221; x_wconf 81' lang='grc' dir='ltr'>τοῦ</span> <span class='ocrx_word' id='word_1_152' title='bbox 1009 2167 1430 2246; x_wconf 76' lang='grc' dir='ltr'>θυσιαστηρίου,</span> <span class='ocrx_word' id='word_1_153' title='bbox 1487 2163 1628 2220; x_wconf 77' lang='grc' dir='ltr'>εἶναι</span> <span class='ocrx_word' id='word_1_154' title='bbox 1658 2165 1714 2218; x_wconf 84' lang='grc' dir='ltr'>δὲ</span> <span class='ocrx_word' id='word_1_155' title='bbox 1741 2165 1853 2220; x_wconf 83' lang='grc' dir='ltr'><strong>ἀπὸ</strong></span> 
     </span>
    </p>
   </div>
   <div class='ocr_carea' id='block_1_24' title="bbox 263 2259 1852 2333">
    <p class='ocr_par' dir='ltr' id='par_1_24' title="bbox 263 2259 1852 2333">
     <span class='ocr_line' id='line_1_24' title="bbox 263 2259 1852 2333; baseline -0.001 -20"><span class='ocrx_word' id='word_1_156' title='bbox 263 2261 492 2332; x_wconf 71' lang='grc' dir='ltr'>ίερέωνο</span> <span class='ocrx_word' id='word_1_157' title='bbox 523 2261 610 2314; x_wconf 77' lang='grc' dir='ltr'>ἶνα</span> <span class='ocrx_word' id='word_1_158' title='bbox 647 2260 721 2332; x_wconf 75' lang='grc' dir='ltr'>μὴ</span> <span class='ocrx_word' id='word_1_159' title='bbox 755 2260 961 2314; x_wconf 84' lang='grc' dir='ltr'>τούτων</span> <span class='ocrx_word' id='word_1_160' title='bbox 1005 2261 1494 2333; x_wconf 76' lang='grc' dir='ltr'>συγχωρηθέντων,</span> <span class='ocrx_word' id='word_1_161' title='bbox 1537 2259 1658 2324; x_wconf 73' lang='grc' dir='ltr'>ἔθος</span> <span class='ocrx_word' id='word_1_162' title='bbox 1687 2259 1852 2329; x_wconf 81' lang='grc' dir='ltr'>γένη-</span> 
     </span>
    </p>
   </div>
   <div class='ocr_carea' id='block_1_25' title="bbox 262 2351 1853 2424">
    <p class='ocr_par' dir='ltr' id='par_1_25' title="bbox 262 2351 1853 2424">
     <span class='ocr_line' id='line_1_25' title="bbox 262 2351 1853 2424; baseline 0.001 -20"><span class='ocrx_word' id='word_1_163' title='bbox 262 2371 350 2405; x_wconf 78' lang='grc' dir='ltr'><strong>ται</strong></span> <span class='ocrx_word' id='word_1_164' title='bbox 381 2353 678 2406; x_wconf 73' lang='grc' dir='ltr'>Ἰουδαϊκὸν</span> <span class='ocrx_word' id='word_1_165' title='bbox 697 2353 728 2424; x_wconf 71' lang='grc' dir='ltr'>ἢ</span> <span class='ocrx_word' id='word_1_166' title='bbox 747 2353 1044 2422; x_wconf 83' lang='grc' dir='ltr'>Αἰγύπτιον</span> <span class='ocrx_word' id='word_1_167' title='bbox 1071 2354 1166 2408; x_wconf 80' lang='grc' dir='ltr'>τοῦ</span> <span class='ocrx_word' id='word_1_168' title='bbox 1201 2354 1408 2408; x_wconf 80' lang='grc' dir='ltr'>πωλεῖν</span> <span class='ocrx_word' id='word_1_169' title='bbox 1439 2354 1536 2407; x_wconf 75' lang='grc' dir='ltr'>καὶ</span> <span class='ocrx_word' id='word_1_170' title='bbox 1559 2351 1853 2424; x_wconf 79' lang='grc' dir='ltr'>ἀγοράζειν</span> 
     </span>
    </p>
   </div>
   <div class='ocr_carea' id='block_1_26' title="bbox 261 2441 1854 2516">
    <p class='ocr_par' dir='ltr' id='par_1_26' title="bbox 261 2441 1854 2516">
     <span class='ocr_line' id='line_1_26' title="bbox 261 2441 1854 2516; baseline 0.001 -21"><span class='ocrx_word' id='word_1_171' title='bbox 261 2445 357 2516; x_wconf 72' lang='grc' dir='ltr'><strong>τὴν</strong></span> <span class='ocrx_word' id='word_1_172' title='bbox 395 2444 719 2514; x_wconf 80' lang='grc' dir='ltr'>ἱερωσύνην.</span> <span class='ocrx_word' id='word_1_173' title='bbox 755 2445 892 2498; x_wconf 77' lang='grc' dir='ltr'>Φασὶ</span> <span class='ocrx_word' id='word_1_174' title='bbox 923 2441 1062 2516; x_wconf 78' lang='grc' dir='ltr'>’γὰρ</span> <span class='ocrx_word' id='word_1_175' title='bbox 1108 2445 1200 2497; x_wconf 82' lang='grc' dir='ltr'><strong>τὸν</strong></span> <span class='ocrx_word' id='word_1_176' title='bbox 1256 2443 1512 2516; x_wconf 84' lang='grc' dir='ltr'>λυμεῶνα</span> <span class='ocrx_word' id='word_1_177' title='bbox 1571 2443 1666 2498; x_wconf 72' lang='grc' dir='ltr'><strong>καὶ</strong></span> <span class='ocrx_word' id='word_1_178' title='bbox 1721 2443 1854 2513; x_wconf 83' lang='grc' dir='ltr'>ψευ-</span> 
     </span>
    </p>
   </div>
   <div class='ocr_carea' id='block_1_27' title="bbox 262 2533 1852 2605">
    <p class='ocr_par' dir='ltr' id='par_1_27' title="bbox 262 2533 1852 2605">
     <span class='ocr_line' id='line_1_27' title="bbox 262 2533 1852 2605; baseline -0.001 -19"><span class='ocrx_word' id='word_1_179' title='bbox 262 2534 402 2587; x_wconf 58' lang='grc' dir='ltr'>δὲινυ</span> <span class='ocrx_word' id='word_1_180' title='bbox 413 2551 511 2605; x_wconf 87' lang='grc' dir='ltr'><strong>μον</strong></span> <span class='ocrx_word' id='word_1_181' title='bbox 537 2535 884 2605; x_wconf 81' lang='grc' dir='ltr'>πατριάρχην</span> <span class='ocrx_word' id='word_1_182' title='bbox 926 2537 1037 2588; x_wconf 84' lang='grc' dir='ltr'>τῶν</span> <span class='ocrx_word' id='word_1_183' title='bbox 1077 2535 1353 2588; x_wconf 83' lang='grc' dir='ltr'>Ἰουδαίων</span> <span class='ocrx_word' id='word_1_184' title='bbox 1375 2534 1496 2589; x_wconf 79' lang='grc' dir='ltr'>κατ’</span> <span class='ocrx_word' id='word_1_185' title='bbox 1535 2533 1658 2596; x_wconf 79' lang='grc' dir='ltr'>ἔτος</span> <span class='ocrx_word' id='word_1_186' title='bbox 1689 2533 1852 2604; x_wconf 86' lang='grc' dir='ltr'>ἀμεί-</span> 
     </span>
    </p>
   </div>
   <div class='ocr_carea' id='block_1_28' title="bbox 264 2625 1852 2699">
    <p class='ocr_par' dir='ltr' id='par_1_28' title="bbox 264 2625 1852 2699">
     <span class='ocr_line' id='line_1_28' title="bbox 264 2625 1852 2699; baseline 0.001 -24"><span class='ocrx_word' id='word_1_187' title='bbox 264 2627 402 2688; x_wconf 71' lang='grc' dir='ltr'>ϐειν,</span> <span class='ocrx_word' id='word_1_188' title='bbox 431 2626 573 2698; x_wconf 78' lang='grc' dir='ltr'>ἢκαὶ</span> <span class='ocrx_word' id='word_1_189' title='bbox 601 2628 731 2698; x_wconf 78' lang='grc' dir='ltr'>παρ’</span> <span class='ocrx_word' id='word_1_190' title='bbox 760 2625 882 2691; x_wconf 72' lang='grc' dir='ltr'>ἔτος</span> <span class='ocrx_word' id='word_1_191' title='bbox 909 2629 1037 2690; x_wconf 81' lang='grc' dir='ltr'>τοὺς</span> <span class='ocrx_word' id='word_1_192' title='bbox 1058 2625 1574 2699; x_wconf 85' lang='grc' dir='ltr'>ἀρχισυναγώγους,</span> <span class='ocrx_word' id='word_1_193' title='bbox 1600 2627 1692 2679; x_wconf 74' lang='grc' dir='ltr'>ἐπὶ</span> <span class='ocrx_word' id='word_1_194' title='bbox 1725 2625 1852 2678; x_wconf 91' lang='grc' dir='ltr'>συλ-</span> 
     </span>
    </p>
   </div>
   <div class='ocr_carea' id='block_1_29' title="bbox 264 2715 1856 2788">
    <p class='ocr_par' dir='ltr' id='par_1_29' title="bbox 264 2715 1856 2788">
     <span class='ocr_line' id='line_1_29' title="bbox 264 2715 1856 2788; baseline -0.001 -20"><span class='ocrx_word' id='word_1_195' title='bbox 264 2715 398 2787; x_wconf 73' lang='grc' dir='ltr'>λογῇ</span> <span class='ocrx_word' id='word_1_196' title='bbox 435 2715 530 2768; x_wconf 85' lang='grc' dir='ltr'><strong>τοῦ</strong></span> <span class='ocrx_word' id='word_1_197' title='bbox 561 2716 859 2786; x_wconf 86' lang='grc' dir='ltr'>ἀργυρίου⁶</span> <span class='ocrx_word' id='word_1_198' title='bbox 891 2719 1093 2788; x_wconf 86' lang='grc' dir='ltr'>ὁμοίως</span> <span class='ocrx_word' id='word_1_199' title='bbox 1123 2718 1220 2771; x_wconf 78' lang='grc' dir='ltr'>καὶ</span> <span class='ocrx_word' id='word_1_200' title='bbox 1280 2717 1372 2771; x_wconf 79' lang='grc' dir='ltr'>τὸν</span> <span class='ocrx_word' id='word_1_201' title='bbox 1422 2715 1674 2788; x_wconf 77' lang='grc' dir='ltr'>ζηλωτὴν</span> <span class='ocrx_word' id='word_1_202' title='bbox 1729 2715 1856 2769; x_wconf 81' lang='grc' dir='ltr'>τού-</span> 
     </span>
    </p>
   </div>
   <div class='ocr_carea' id='block_1_30' title="bbox 265 2804 1856 2881">
    <p class='ocr_par' dir='ltr' id='par_1_30' title="bbox 265 2804 1856 2881">
     <span class='ocr_line' id='line_1_30' title="bbox 265 2804 1856 2881; baseline 0 -21"><span class='ocrx_word' id='word_1_203' title='bbox 265 2824 355 2860; x_wconf 76' lang='grc' dir='ltr'><strong>του</strong></span> <span class='ocrx_word' id='word_1_204' title='bbox 423 2807 530 2861; x_wconf 85' lang='grc' dir='ltr'><strong>τῶν</strong></span> <span class='ocrx_word' id='word_1_205' title='bbox 586 2807 898 2876; x_wconf 70' lang='grc' dir='ltr'>Αἰγυπτίων</span> <span class='ocrx_word' id='word_1_206' title='bbox 953 2809 1337 2881; x_wconf 87' lang='grc' dir='ltr'>πατριάρχην·</span> <span class='ocrx_word' id='word_1_207' title='bbox 1365 2808 1454 2862; x_wconf 85' lang='grc' dir='ltr'><strong>ἵνα</strong></span> <span class='ocrx_word' id='word_1_208' title='bbox 1497 2804 1760 2878; x_wconf 79' lang='grc' dir='ltr'>πληρωθῇ</span> <span class='ocrx_word' id='word_1_209' title='bbox 1793 2806 1856 2860; x_wconf 83' lang='grc' dir='ltr'>τὸ</span> 
     </span>
    </p>
   </div>
   <div class='ocr_carea' id='block_1_31' title="bbox 269 2899 1858 2972">
    <p class='ocr_par' dir='ltr' id='par_1_31' title="bbox 269 2899 1858 2972">
     <span class='ocr_line' id='line_1_31' title="bbox 269 2899 1858 2972; baseline -0.001 -18"><span class='ocrx_word' id='word_1_210' title='bbox 269 2901 615 2972; x_wconf 77' lang='grc' dir='ltr'>προφητικόν</span> <span class='ocrx_word' id='word_1_211' title='bbox 635 2919 648 2932; x_wconf 81' lang='grc' dir='ltr'><strong>ο</strong></span> <span class='ocrx_word' id='word_1_212' title='bbox 689 2918 708 2952; x_wconf 81' lang='grc' dir='ltr'><strong>ι</strong></span> <span class='ocrx_word' id='word_1_213' title='bbox 733 2902 796 2954; x_wconf 83' lang='lat' dir='ltr'><strong>Oi</strong></span> <span class='ocrx_word' id='word_1_214' title='bbox 828 2901 996 2972; x_wconf 80' lang='grc' dir='ltr'>ἱερεῖς</span> <span class='ocrx_word' id='word_1_215' title='bbox 1023 2901 1195 2972; x_wconf 77' lang='grc' dir='ltr'>αὐτῆς</span> <span class='ocrx_word' id='word_1_216' title='bbox 1231 2901 1384 2972; x_wconf 78' lang='grc' dir='ltr'>μετὰ·</span> <span class='ocrx_word' id='word_1_217' title='bbox 1401 2899 1592 2971; x_wconf 85' lang='grc' dir='ltr'>δώρων</span> <span class='ocrx_word' id='word_1_218' title='bbox 1619 2899 1858 2970; x_wconf 84' lang='grc' dir='ltr'>ἀπεκρί-</span> 
     </span>
    </p>
   </div>
   <div class='ocr_carea' id='block_1_32' title="bbox 266 2977 1859 3067">
    <p class='ocr_par' dir='ltr' id='par_1_32' title="bbox 266 2977 1859 3067">
     <span class='ocr_line' id='line_1_32' title="bbox 266 2977 1859 3067; baseline 0 -19"><span class='ocrx_word' id='word_1_219' title='bbox 266 3011 444 3060; x_wconf 60' lang='lat' dir='ltr'><strong>voveo,</strong></span> <span class='ocrx_word' id='word_1_220' title='bbox 473 2995 566 3048; x_wconf 71' lang='grc' dir='ltr'><strong>καὶ</strong></span> <span class='ocrx_word' id='word_1_221' title='bbox 596 2994 644 3048; x_wconf 79' lang='lat' dir='ltr'><strong>oi</strong></span> <span class='ocrx_word' id='word_1_222' title='bbox 686 2995 964 3066; x_wconf 76' lang='grc' dir='ltr'>προφῆται</span> <span class='ocrx_word' id='word_1_223' title='bbox 995 2977 1166 3067; x_wconf 81' lang='grc' dir='ltr'>αὐτῆς</span> <span class='ocrx_word' id='word_1_224' title='bbox 1195 2993 1336 3067; x_wconf 88' lang='grc' dir='ltr'><strong>μετά</strong></span> <span class='ocrx_word' id='word_1_225' title='bbox 1371 2993 1639 3066; x_wconf 78' lang='grc' dir='ltr'>ἀργυρίου</span> <span class='ocrx_word' id='word_1_226' title='bbox 1689 2995 1859 3066; x_wconf 62' lang='grc' dir='ltr'><strong>ἐμανὁ</strong></span> 
     </span>
    </p>
   </div>
   <div class='ocr_carea' id='block_1_33' title="bbox 266 3104 558 3142">
    <p class='ocr_par' dir='ltr' id='par_1_33' title="bbox 266 3104 558 3142">
     <span class='ocr_line' id='line_1_33' title="bbox 266 3104 558 3142; baseline 0 -2"><span class='ocrx_word' id='word_1_227' title='bbox 266 3104 558 3142; x_wconf 77' lang='grc' dir='ltr'>τευοντο.ι</span> 
     </span>
    </p>
   </div>
   <div class='ocr_carea' id='block_1_34' title="bbox 222 3171 1856 3250">
    <p class='ocr_par' dir='ltr' id='par_1_34' title="bbox 222 3171 1856 3250">
     <span class='ocr_line' id='line_1_34' title="bbox 222 3171 1856 3250; baseline 0.002 -17"><span class='ocrx_word' id='word_1_228' title='bbox 222 3181 231 3190; x_wconf 90' lang='grc'><em>’</em></span> <span class='ocrx_word' id='word_1_229' title='bbox 281 3183 374 3235; x_wconf 69' lang='lat' dir='ltr'><strong>‘lix</strong></span> <span class='ocrx_word' id='word_1_230' title='bbox 411 3179 531 3236; x_wconf 75' lang='grc' dir='ltr'>τῶν</span> <span class='ocrx_word' id='word_1_231' title='bbox 583 3183 861 3238; x_wconf 75' lang='grc' dir='ltr'>κανόνων</span> <span class='ocrx_word' id='word_1_232' title='bbox 895 3180 1014 3235; x_wconf 83' lang='grc' dir='ltr'><strong>τῶν</strong></span> <span class='ocrx_word' id='word_1_233' title='bbox 1069 3180 1412 3246; x_wconf 78' lang='grc' dir='ltr'>ἑξακοσίων</span> <span class='ocrx_word' id='word_1_234' title='bbox 1436 3181 1758 3250; x_wconf 79' lang='grc' dir='ltr'>τριάκοντα</span> <span class='ocrx_word' id='word_1_235' title='bbox 1791 3171 1856 3237; x_wconf 81' lang='grc' dir='ltr'>ἀ-</span> 
     </span>
    </p>
   </div>
   <div class='ocr_carea' id='block_1_35' title="bbox 338 3250 1854 3323">
    <p class='ocr_par' dir='ltr' id='par_1_35' title="bbox 338 3250 1854 3323">
     <span class='ocr_line' id='line_1_35' title="bbox 338 3250 1854 3323; baseline -0.001 -18"><span class='ocrx_word' id='word_1_236' title='bbox 338 3255 398 3322; x_wconf 60' lang='lat' dir='ltr'><strong>ri</strong></span> <span class='ocrx_word' id='word_1_237' title='bbox 401 3270 490 3306; x_wconf 86' lang='grc' dir='ltr'><strong>ων</strong></span> <span class='ocrx_word' id='word_1_238' title='bbox 515 3254 794 3323; x_wconf 82' lang='grc' dir='ltr'>Πατέρων</span> <span class='ocrx_word' id='word_1_239' title='bbox 817 3250 938 3306; x_wconf 82' lang='grc' dir='ltr'>τῶν</span> <span class='ocrx_word' id='word_1_240' title='bbox 953 3253 1025 3306; x_wconf 76' lang='grc' dir='ltr'>ἐν</span> <span class='ocrx_word' id='word_1_241' title='bbox 1041 3251 1384 3319; x_wconf 72' lang='grc' dir='ltr'>Χαλκηδόνι</span> <span class='ocrx_word' id='word_1_242' title='bbox 1406 3251 1854 3316; x_wconf 73' lang='grc' dir='ltr'>συνελθόντων,</span> 
     </span>
    </p>
   </div>
   <div class='ocr_carea' id='block_1_36' title="bbox 340 3323 1257 3392">
    <p class='ocr_par' dir='ltr' id='par_1_36' title="bbox 340 3323 1257 3392">
     <span class='ocr_line' id='line_1_36' title="bbox 340 3323 1257 3392; baseline 0 -16"><span class='ocrx_word' id='word_1_243' title='bbox 340 3323 545 3376; x_wconf 81' lang='grc' dir='ltr'>κανὼν</span> <span class='ocrx_word' id='word_1_244' title='bbox 561 3323 862 3392; x_wconf 84' lang='grc' dir='ltr'>δεύτερος.</span> <span class='ocrx_word' id='word_1_245' title='bbox 1249 3355 1257 3363; x_wconf 89' lang='grc'><strong>-</strong></span> 
     </span>
    </p>
   </div>
   <div class='ocr_carea' id='block_1_37' title="bbox 339 3409 1857 3495">
    <p class='ocr_par' dir='ltr' id='par_1_37' title="bbox 339 3409 1857 3495">
     <span class='ocr_line' id='line_1_37' title="bbox 339 3409 1857 3495; baseline -0.001 -27"><span class='ocrx_word' id='word_1_246' title='bbox 339 3415 408 3468; x_wconf 72' lang='lat' dir='ltr'><strong>Ei</strong></span> <span class='ocrx_word' id='word_1_247' title='bbox 433 3433 520 3480; x_wconf 85' lang='grc' dir='ltr'><strong>τις</strong></span> <span class='ocrx_word' id='word_1_248' title='bbox 566 3409 868 3479; x_wconf 69' lang='grc' dir='ltr'>ἐπίσκοπος</span> <span class='ocrx_word' id='word_1_249' title='bbox 898 3415 994 3469; x_wconf 74' lang='grc' dir='ltr'>ἐπὶ</span> <span class='ocrx_word' id='word_1_250' title='bbox 1035 3415 1286 3487; x_wconf 79' lang='grc' dir='ltr'>χρήμασι</span> <span class='ocrx_word' id='word_1_251' title='bbox 1341 3414 1677 3495; x_wconf 75' lang='grc' dir='ltr'>χειροτονίαν</span> <span class='ocrx_word' id='word_1_252' title='bbox 1701 3415 1857 3483; x_wconf 82' lang='grc' dir='ltr'>ποιή-</span> 
     </span>
    </p>
   </div>
   <div class='ocr_carea' id='block_1_38' title="bbox 273 3498 1858 3582">
    <p class='ocr_par' dir='ltr' id='par_1_38' title="bbox 273 3498 1858 3582">
     <span class='ocr_line' id='line_1_38' title="bbox 273 3498 1858 3582; baseline 0 -20"><span class='ocrx_word' id='word_1_253' title='bbox 273 3498 443 3573; x_wconf 73' lang='grc' dir='ltr'>σαιτο,</span> <span class='ocrx_word' id='word_1_254' title='bbox 497 3509 592 3563; x_wconf 73' lang='grc' dir='ltr'><strong>καὶ</strong></span> <span class='ocrx_word' id='word_1_255' title='bbox 619 3511 700 3572; x_wconf 78' lang='grc' dir='ltr'>εἰς</span> <span class='ocrx_word' id='word_1_256' title='bbox 757 3510 965 3581; x_wconf 84' lang='grc' dir='ltr'>πράσιν</span> <span class='ocrx_word' id='word_1_257' title='bbox 1015 3510 1308 3582; x_wconf 83' lang='grc' dir='ltr'>καταγάγῃ</span> <span class='ocrx_word' id='word_1_258' title='bbox 1360 3511 1460 3578; x_wconf 80' lang='grc' dir='ltr'>τὴν</span> <span class='ocrx_word' id='word_1_259' title='bbox 1489 3509 1736 3580; x_wconf 77' lang='grc' dir='ltr'>ἄπρατον</span> <span class='ocrx_word' id='word_1_260' title='bbox 1759 3509 1858 3580; x_wconf 63' lang='grc' dir='ltr'>χάα</span> 
     </span>
    </p>
   </div>
   <div class='ocr_carea' id='block_1_39' title="bbox 273 3601 1854 3675">
    <p class='ocr_par' dir='ltr' id='par_1_39' title="bbox 273 3601 1854 3675">
     <span class='ocr_line' id='line_1_39' title="bbox 273 3601 1854 3675; baseline 0 -19"><span class='ocrx_word' id='word_1_261' title='bbox 273 3619 377 3674; x_wconf 86' lang='grc' dir='ltr'>ριν,</span> <span class='ocrx_word' id='word_1_262' title='bbox 413 3603 510 3657; x_wconf 74' lang='grc' dir='ltr'>καὶ</span> <span class='ocrx_word' id='word_1_263' title='bbox 557 3605 918 3675; x_wconf 77' lang='grc' dir='ltr'>χειροτονήσῃ</span> <span class='ocrx_word' id='word_1_264' title='bbox 980 3603 1079 3657; x_wconf 73' lang='grc' dir='ltr'><strong>ἐπὶ</strong></span> <span class='ocrx_word' id='word_1_265' title='bbox 1132 3605 1412 3675; x_wconf 84' lang='grc' dir='ltr'>χρήμασιν</span> <span class='ocrx_word' id='word_1_266' title='bbox 1461 3603 1783 3664; x_wconf 83' lang='grc' dir='ltr'>ἐπίσκοπον,</span> <span class='ocrx_word' id='word_1_267' title='bbox 1821 3601 1854 3674; x_wconf 79' lang='grc' dir='ltr'><strong>ἢ</strong></span> 
     </span>
    </p>
   </div>
   <div class='ocr_carea' id='block_1_40' title="bbox 270 3695 1857 3770">
    <p class='ocr_par' dir='ltr' id='par_1_40' title="bbox 270 3695 1857 3770">
     <span class='ocr_line' id='line_1_40' title="bbox 270 3695 1857 3770; baseline 0 -21"><span class='ocrx_word' id='word_1_268' title='bbox 270 3696 714 3770; x_wconf 80' lang='grc' dir='ltr'>χωρεπίσκοπον,</span> <span class='ocrx_word' id='word_1_269' title='bbox 745 3697 778 3768; x_wconf 78' lang='grc' dir='ltr'>ἢ</span> <span class='ocrx_word' id='word_1_270' title='bbox 808 3697 1210 3768; x_wconf 87' lang='grc' dir='ltr'>πρεσϐύτερον,</span> <span class='ocrx_word' id='word_1_271' title='bbox 1244 3697 1338 3750; x_wconf 78' lang='grc' dir='ltr'><strong>καὶ</strong></span> <span class='ocrx_word' id='word_1_272' title='bbox 1369 3697 1645 3760; x_wconf 88' lang='grc' dir='ltr'>διάκονον,</span> <span class='ocrx_word' id='word_1_273' title='bbox 1675 3697 1708 3768; x_wconf 82' lang='grc' dir='ltr'>ἢ</span> <span class='ocrx_word' id='word_1_274' title='bbox 1738 3695 1857 3750; x_wconf 77' lang='grc' dir='ltr'>ἓτε-</span> 
     </span>
    </p>
   </div>
   <div class='ocr_carea' id='block_1_41' title="bbox 272 3789 1859 3864">
    <p class='ocr_par' dir='ltr' id='par_1_41' title="bbox 272 3789 1859 3864">
     <span class='ocr_line' id='line_1_41' title="bbox 272 3789 1859 3864; baseline -0.002 -19"><span class='ocrx_word' id='word_1_275' title='bbox 272 3793 362 3860; x_wconf 90' lang='grc' dir='ltr'><strong>ρόν</strong></span> <span class='ocrx_word' id='word_1_276' title='bbox 387 3791 636 3846; x_wconf 86' lang='grc' dir='ltr'>τινατῶν</span> <span class='ocrx_word' id='word_1_277' title='bbox 662 3793 724 3847; x_wconf 72' lang='grc' dir='ltr'>ἓν</span> <span class='ocrx_word' id='word_1_278' title='bbox 749 3791 826 3862; x_wconf 85' lang='grc' dir='ltr'>τῷ</span> <span class='ocrx_word' id='word_1_279' title='bbox 851 3791 1040 3864; x_wconf 81' lang='grc' dir='ltr'>κλήρῳ</span> <span class='ocrx_word' id='word_1_280' title='bbox 1071 3790 1628 3861; x_wconf 81' lang='grc' dir='ltr'>καταριθμουμένων,</span> <span class='ocrx_word' id='word_1_281' title='bbox 1656 3789 1690 3860; x_wconf 74' lang='grc' dir='ltr'>ἢ</span> <span class='ocrx_word' id='word_1_282' title='bbox 1723 3805 1859 3860; x_wconf 75' lang='grc' dir='ltr'>προσ</span> 
     </span>
    </p>
   </div>
   <div class='ocr_carea' id='block_1_42' title="bbox 269 3883 1856 3958">
    <p class='ocr_par' dir='ltr' id='par_1_42' title="bbox 269 3883 1856 3958">
     <span class='ocr_line' id='line_1_42' title="bbox 269 3883 1856 3958; baseline -0.002 -20"><span class='ocrx_word' id='word_1_283' title='bbox 269 3884 520 3940; x_wconf 79' lang='grc' dir='ltr'>ϐάλλοιτο</span> <span class='ocrx_word' id='word_1_284' title='bbox 571 3887 663 3950; x_wconf 79' lang='grc' dir='ltr'><strong>ἐπὶ</strong></span> <span class='ocrx_word' id='word_1_285' title='bbox 719 3887 996 3958; x_wconf 84' lang='grc' dir='ltr'>χρήμασιν</span> <span class='ocrx_word' id='word_1_286' title='bbox 1059 3885 1364 3954; x_wconf 83' lang='grc' dir='ltr'>οἰκονόμον,</span> <span class='ocrx_word' id='word_1_287' title='bbox 1403 3885 1437 3956; x_wconf 80' lang='grc' dir='ltr'>ἢ</span> <span class='ocrx_word' id='word_1_288' title='bbox 1489 3883 1726 3948; x_wconf 76' lang='grc' dir='ltr'>ἔκδικον,</span> <span class='ocrx_word' id='word_1_289' title='bbox 1761 3883 1856 3936; x_wconf 81' lang='grc' dir='ltr'>καὶ</span> 
     </span>
    </p>
   </div>
   <div class='ocr_carea' id='block_1_43' title="bbox 269 3969 1858 4046">
    <p class='ocr_par' dir='ltr' id='par_1_43' title="bbox 269 3969 1858 4046">
     <span class='ocr_line' id='line_1_43' title="bbox 269 3969 1858 4046; baseline -0.002 -20"><span class='ocrx_word' id='word_1_290' title='bbox 269 3975 710 4046; x_wconf 85' lang='grc' dir='ltr'>παραμονάριον,</span> <span class='ocrx_word' id='word_1_291' title='bbox 764 3974 798 4045; x_wconf 80' lang='grc' dir='ltr'>ἢ</span> <span class='ocrx_word' id='word_1_292' title='bbox 846 3973 992 4036; x_wconf 77' lang='grc' dir='ltr'>ὅλως.</span> <span class='ocrx_word' id='word_1_293' title='bbox 1029 3973 1152 4026; x_wconf 81' lang='grc' dir='ltr'>τινὰ</span> <span class='ocrx_word' id='word_1_294' title='bbox 1203 3972 1302 4026; x_wconf 81' lang='grc' dir='ltr'>τοῦ</span> <span class='ocrx_word' id='word_1_295' title='bbox 1349 3971 1598 4037; x_wconf 87' lang='grc' dir='ltr'>κανόνος,</span> <span class='ocrx_word' id='word_1_296' title='bbox 1656 3971 1724 4025; x_wconf 89' lang='grc' dir='ltr'>δι’</span> <span class='ocrx_word' id='word_1_297' title='bbox 1778 3969 1858 4024; x_wconf 80' lang='lat' dir='ltr'><strong>ai-</strong></span> 
     </span>
    </p>
   </div>
   <div class='ocr_carea' id='block_1_44' title="bbox 269 4063 1858 4140">
    <p class='ocr_par' dir='ltr' id='par_1_44' title="bbox 269 4063 1858 4140">
     <span class='ocr_line' id='line_1_44' title="bbox 269 4063 1858 4140; baseline -0.004 -18"><span class='ocrx_word' id='word_1_298' title='bbox 269 4069 658 4140; x_wconf 73' lang='grc' dir='ltr'>σχροκέρδειαν</span> <span class='ocrx_word' id='word_1_299' title='bbox 716 4065 1182 4131; x_wconf 86' lang='grc' dir='ltr'>οἰκείαν,ότοῦτο</span> <span class='ocrx_word' id='word_1_300' title='bbox 1237 4065 1622 4136; x_wconf 77' lang='grc' dir='ltr'>ἐπιχειρήσας,</span> <span class='ocrx_word' id='word_1_301' title='bbox 1674 4063 1858 4134; x_wconf 79' lang='grc' dir='ltr'>ἐλεγχ-</span> 
     </span>
    </p>
   </div>
   <div class='ocr_carea' id='block_1_45' title="bbox 268 4154 1855 4229">
    <p class='ocr_par' dir='ltr' id='par_1_45' title="bbox 268 4154 1855 4229">
     <span class='ocr_line' id='line_1_45' title="bbox 268 4154 1855 4229; baseline -0.003 -17"><span class='ocrx_word' id='word_1_302' title='bbox 268 4159 380 4225; x_wconf 75' lang='grc' dir='ltr'>θεὶς</span> <span class='ocrx_word' id='word_1_303' title='bbox 430 4159 796 4214; x_wconf 78' lang='grc' dir='ltr'>κινδυνευέτω</span> <span class='ocrx_word' id='word_1_304' title='bbox 856 4159 987 4229; x_wconf 77' lang='grc' dir='ltr'>περὶ</span> <span class='ocrx_word' id='word_1_305' title='bbox 1039 4157 1130 4212; x_wconf 83' lang='grc' dir='ltr'><strong>τὸν</strong></span> <span class='ocrx_word' id='word_1_306' title='bbox 1183 4159 1385 4211; x_wconf 82' lang='grc' dir='ltr'>οἰκεῖον</span> <span class='ocrx_word' id='word_1_307' title='bbox 1421 4156 1670 4226; x_wconf 88' lang='grc' dir='ltr'>βαθμόν·</span> <span class='ocrx_word' id='word_1_308' title='bbox 1706 4154 1801 4208; x_wconf 82' lang='grc' dir='ltr'><strong>καὶ</strong></span> <span class='ocrx_word' id='word_1_309' title='bbox 1827 4155 1855 4208; x_wconf 86' lang='grc'>6</span> 
     </span>
    </p>
   </div>
   <div class='ocr_carea' id='block_1_46' title="bbox 267 4246 1856 4324">
    <p class='ocr_par' dir='ltr' id='par_1_46' title="bbox 267 4246 1856 4324">
     <span class='ocr_line' id='line_1_46' title="bbox 267 4246 1856 4324; baseline -0.003 -20"><span class='ocrx_word' id='word_1_310' title='bbox 267 4251 778 4324; x_wconf 82' lang='grc' dir='ltr'>χειροτονούμενος,</span> <span class='ocrx_word' id='word_1_311' title='bbox 818 4251 986 4322; x_wconf 82' lang='grc' dir='ltr'>μηδὲν</span> <span class='ocrx_word' id='word_1_312' title='bbox 1018 4253 1082 4304; x_wconf 82' lang='grc' dir='ltr'>ἐκ</span> <span class='ocrx_word' id='word_1_313' title='bbox 1113 4251 1212 4318; x_wconf 82' lang='grc' dir='ltr'>τῆς</span> <span class='ocrx_word' id='word_1_314' title='bbox 1267 4249 1386 4302; x_wconf 82' lang='grc' dir='ltr'>κατ’</span> <span class='ocrx_word' id='word_1_315' title='bbox 1413 4247 1684 4319; x_wconf 80' lang='grc' dir='ltr'>ἐμπορίαν</span> <span class='ocrx_word' id='word_1_316' title='bbox 1709 4246 1856 4316; x_wconf 82' lang='grc' dir='ltr'><strong>ὠφε-</strong></span> 
     </span>
    </p>
   </div>
   <div class='ocr_carea' id='block_1_47' title="bbox 265 4336 1854 4412">
    <p class='ocr_par' dir='ltr' id='par_1_47' title="bbox 265 4336 1854 4412">
     <span class='ocr_line' id='line_1_47' title="bbox 265 4336 1854 4412; baseline -0.004 -16"><span class='ocrx_word' id='word_1_317' title='bbox 265 4343 467 4398; x_wconf 86' lang='grc' dir='ltr'>λείσθω</span> <span class='ocrx_word' id='word_1_318' title='bbox 525 4342 868 4412; x_wconf 84' lang='grc' dir='ltr'>χειροτονίας</span> <span class='ocrx_word' id='word_1_319' title='bbox 911 4343 944 4412; x_wconf 83' lang='grc' dir='ltr'><strong>ἢ</strong></span> <span class='ocrx_word' id='word_1_320' title='bbox 987 4341 1284 4412; x_wconf 76' lang='grc' dir='ltr'>προϐολῆς,</span> <span class='ocrx_word' id='word_1_321' title='bbox 1337 4338 1454 4393; x_wconf 87' lang='grc' dir='ltr'>ἀλλ’</span> <span class='ocrx_word' id='word_1_322' title='bbox 1507 4338 1647 4391; x_wconf 76' lang='grc' dir='ltr'>ἔστω</span> <span class='ocrx_word' id='word_1_323' title='bbox 1695 4336 1854 4392; x_wconf 86' lang='grc' dir='ltr'>ἀλλό-</span> 
     </span>
    </p>
   </div>
   <div class='ocr_carea' id='block_1_48' title="bbox 263 4423 1855 4508">
    <p class='ocr_par' dir='ltr' id='par_1_48' title="bbox 263 4423 1855 4508">
     <span class='ocr_line' id='line_1_48' title="bbox 263 4423 1855 4508; baseline -0.004 -19"><span class='ocrx_word' id='word_1_324' title='bbox 263 4453 418 4508; x_wconf 81' lang='grc' dir='ltr'>τριος</span> <span class='ocrx_word' id='word_1_325' title='bbox 478 4437 577 4506; x_wconf 80' lang='grc' dir='ltr'><strong>τῆς</strong></span> <span class='ocrx_word' id='word_1_326' title='bbox 636 4434 856 4504; x_wconf 81' lang='grc' dir='ltr'>ἀξίαςῆ</span> <span class='ocrx_word' id='word_1_327' title='bbox 902 4433 998 4486; x_wconf 84' lang='grc' dir='ltr'>τοῦ</span> <span class='ocrx_word' id='word_1_328' title='bbox 1057 4432 1486 4503; x_wconf 78' lang='grc' dir='ltr'>φροντίσματος,</span> <span class='ocrx_word' id='word_1_329' title='bbox 1539 4423 1713 4501; x_wconf 78' lang='grc' dir='ltr'>οὗπερ</span> <span class='ocrx_word' id='word_1_330' title='bbox 1761 4430 1855 4482; x_wconf 72' lang='grc' dir='ltr'><strong>ἐπὶ</strong></span> 
     </span>
    </p>
   </div>
   <div class='ocr_carea' id='block_1_49' title="bbox 1950 593 3536 673">
    <p class='ocr_par' dir='ltr' id='par_1_49' title="bbox 1950 593 3536 673">
     <span class='ocr_line' id='line_1_49' title="bbox 1950 593 3536 673; baseline -0.004 -17"><span class='ocrx_word' id='word_1_331' title='bbox 1950 603 2280 673; x_wconf 76' lang='lat' dir='ltr'><strong>presbyteri,</strong></span> <span class='ocrx_word' id='word_1_332' title='bbox 2317 602 2520 673; x_wconf 86' lang='lat' dir='ltr'><strong>quibus</strong></span> <span class='ocrx_word' id='word_1_333' title='bbox 2559 602 2740 656; x_wconf 82' lang='lat' dir='ltr'><strong>visum</strong></span> <span class='ocrx_word' id='word_1_334' title='bbox 2775 599 2951 655; x_wconf 78' lang='lat' dir='ltr'><strong>fuerat</strong></span> <span class='ocrx_word' id='word_1_335' title='bbox 3005 600 3236 654; x_wconf 75' lang='lat' dir='ltr'><strong>fidenter</strong></span> <span class='ocrx_word' id='word_1_336' title='bbox 3276 593 3395 669; x_wconf 66' lang='lat' dir='ltr'><strong>[Gn</strong></span> <span class='ocrx_word' id='word_1_337' title='bbox 3429 595 3536 650; x_wconf 85' lang='lat' dir='ltr'><strong>visi</strong></span> 
     </span>
    </p>
   </div>
   <div class='ocr_carea' id='block_1_50' title="bbox 1946 690 3534 766">
    <p class='ocr_par' dir='ltr' id='par_1_50' title="bbox 1946 690 3534 766">
     <span class='ocr_line' id='line_1_50' title="bbox 1946 690 3534 766; baseline -0.004 -18"><span class='ocrx_word' id='word_1_338' title='bbox 1946 693 2163 750; x_wconf 85' lang='lat' dir='ltr'><strong>fuerant</strong></span> <span class='ocrx_word' id='word_1_339' title='bbox 2184 693 2482 766; x_wconf 82' lang='lat' dir='ltr'><strong>conﬁdere]</strong></span> <span class='ocrx_word' id='word_1_340' title='bbox 2514 708 2637 748; x_wconf 90' lang='lat' dir='ltr'><strong>esse</strong></span> <span class='ocrx_word' id='word_1_341' title='bbox 2660 693 2992 747; x_wconf 87' lang='lat' dir='ltr'><strong>credendum</strong></span> <span class='ocrx_word' id='word_1_342' title='bbox 3023 708 3037 757; x_wconf 90' lang='lat'><strong>;</strong></span> <span class='ocrx_word' id='word_1_343' title='bbox 3071 690 3318 760; x_wconf 56' lang='lat' dir='ltr'><strong>quaedam</strong></span> <span class='ocrx_word' id='word_1_344' title='bbox 3349 697 3534 744; x_wconf 83' lang='lat' dir='ltr'><strong>autem</strong></span> 
     </span>
    </p>
   </div>
   <div class='ocr_carea' id='block_1_51' title="bbox 1944 781 3538 857">
    <p class='ocr_par' dir='ltr' id='par_1_51' title="bbox 1944 781 3538 857">
     <span class='ocr_line' id='line_1_51' title="bbox 1944 781 3538 857; baseline -0.003 -17"><span class='ocrx_word' id='word_1_345' title='bbox 1944 794 1999 841; x_wconf 90' lang='lat' dir='ltr'><strong>et</strong></span> <span class='ocrx_word' id='word_1_346' title='bbox 2027 787 2334 841; x_wconf 87' lang='lat' dir='ltr'><strong>mulieres:</strong></span> <span class='ocrx_word' id='word_1_347' title='bbox 2374 787 2540 842; x_wconf 90' lang='lat' dir='ltr'><strong>etiam</strong></span> <span class='ocrx_word' id='word_1_348' title='bbox 2591 787 2801 857; x_wconf 83' lang='lat' dir='ltr'><strong>species</strong></span> <span class='ocrx_word' id='word_1_349' title='bbox 2857 785 3148 856; x_wconf 84' lang='lat' dir='ltr'><strong>pignorum</strong></span> <span class='ocrx_word' id='word_1_350' title='bbox 3211 781 3450 853; x_wconf 73' lang='lat' dir='ltr'><strong>praefati,</strong></span> <span class='ocrx_word' id='word_1_351' title='bbox 3482 792 3538 837; x_wconf 91' lang='lat' dir='ltr'><strong>et</strong></span> 
     </span>
    </p>
   </div>
   <div class='ocr_carea' id='block_1_52' title="bbox 1946 875 3620 950">
    <p class='ocr_par' dir='ltr' id='par_1_52' title="bbox 1946 875 3620 950">
     <span class='ocr_line' id='line_1_52' title="bbox 1946 875 3620 950; baseline -0.002 -20"><span class='ocrx_word' id='word_1_352' title='bbox 1946 877 2086 943; x_wconf 86' lang='lat' dir='ltr'><strong>loca,</strong></span> <span class='ocrx_word' id='word_1_353' title='bbox 2119 887 2172 932; x_wconf 90' lang='lat' dir='ltr'><strong>et</strong></span> <span class='ocrx_word' id='word_1_354' title='bbox 2227 886 2496 947; x_wconf 88' lang='lat' dir='ltr'><strong>tempora,</strong></span> <span class='ocrx_word' id='word_1_355' title='bbox 2532 887 2586 933; x_wconf 92' lang='lat' dir='ltr'><strong>et</strong></span> <span class='ocrx_word' id='word_1_356' title='bbox 2617 877 3022 950; x_wconf 72' lang='lat' dir='ltr'><strong>quantitatem;</strong></span> <span class='ocrx_word' id='word_1_357' title='bbox 3081 890 3191 930; x_wconf 89' lang='lat' dir='ltr'><strong>non</strong></span> <span class='ocrx_word' id='word_1_358' title='bbox 3235 875 3534 930; x_wconf 82' lang='lat' dir='ltr'><strong>admodum</strong></span> <span class='ocrx_word' id='word_1_359' title='bbox 3615 909 3620 914; x_wconf 88' lang='lat'><strong><em>-</em></strong></span> 
     </span>
    </p>
   </div>
   <div class='ocr_carea' id='block_1_53' title="bbox 1947 965 3614 1040">
    <p class='ocr_par' dir='ltr' id='par_1_53' title="bbox 1947 965 3614 1040">
     <span class='ocr_line' id='line_1_53' title="bbox 1947 965 3614 1040; baseline -0.001 -18"><span class='ocrx_word' id='word_1_360' title='bbox 1947 968 2088 1024; x_wconf 85' lang='lat' dir='ltr'><strong>bene</strong></span> <span class='ocrx_word' id='word_1_361' title='bbox 2107 970 2447 1024; x_wconf 74' lang='lat' dir='ltr'><strong>conscientia</strong></span> <span class='ocrx_word' id='word_1_362' title='bbox 2482 983 2580 1024; x_wconf 86' lang='lat' dir='ltr'><strong>sua</strong></span> <span class='ocrx_word' id='word_1_363' title='bbox 2606 969 2898 1040; x_wconf 86' lang='lat' dir='ltr'><strong>disposita,</strong></span> <span class='ocrx_word' id='word_1_364' title='bbox 2929 968 3167 1024; x_wconf 89' lang='lat' dir='ltr'><strong>ullronei</strong></span> <span class='ocrx_word' id='word_1_365' title='bbox 3205 965 3538 1021; x_wconf 79' lang='lat' dir='ltr'><strong>conﬁtentur</strong></span> 
     </span>
    </p>
   </div>
   <div class='ocr_carea' id='block_1_54' title="bbox 1947 1060 3540 1130">
    <p class='ocr_par' dir='ltr' id='par_1_54' title="bbox 1947 1060 3540 1130">
     <span class='ocr_line' id='line_1_54' title="bbox 1947 1060 3540 1130; baseline -0.002 -16"><span class='ocrx_word' id='word_1_366' title='bbox 1947 1061 2159 1130; x_wconf 82' lang='lat' dir='ltr'><strong>absque</strong></span> <span class='ocrx_word' id='word_1_367' title='bbox 2182 1063 2352 1115; x_wconf 84' lang='lat' dir='ltr'><strong>multa</strong></span> <span class='ocrx_word' id='word_1_368' title='bbox 2387 1062 2716 1116; x_wconf 87' lang='lat' dir='ltr'><strong>necessitate</strong></span> <span class='ocrx_word' id='word_1_369' title='bbox 2740 1083 2752 1094; x_wconf 86' lang='lat'><strong>-</strong></span> <span class='ocrx_word' id='word_1_370' title='bbox 2807 1060 2946 1128; x_wconf 86' lang='lat' dir='ltr'><strong>Quia</strong></span> <span class='ocrx_word' id='word_1_371' title='bbox 2987 1061 3262 1125; x_wconf 75' lang='lat' dir='ltr'><strong>dedimus,</strong></span> <span class='ocrx_word' id='word_1_372' title='bbox 3304 1061 3540 1115; x_wconf 81' lang='lat' dir='ltr'><strong>conﬁte-</strong></span> 
     </span>
    </p>
   </div>
   <div class='ocr_carea' id='block_1_55' title="bbox 1948 1137 3614 1220">
    <p class='ocr_par' dir='ltr' id='par_1_55' title="bbox 1948 1137 3614 1220">
     <span class='ocr_line' id='line_1_55' title="bbox 1948 1137 3614 1220; baseline 0.001 -14"><span class='ocrx_word' id='word_1_373' title='bbox 1948 1156 2095 1215; x_wconf 83' lang='lat' dir='ltr'><strong>mur,</strong></span> <span class='ocrx_word' id='word_1_374' title='bbox 2124 1162 2178 1206; x_wconf 91' lang='lat' dir='ltr'><strong>et</strong></span> <span class='ocrx_word' id='word_1_375' title='bbox 2218 1152 2346 1208; x_wconf 87' lang='lat' dir='ltr'><strong>facti</strong></span> <span class='ocrx_word' id='word_1_376' title='bbox 2407 1169 2620 1220; x_wconf 91' lang='lat' dir='ltr'><strong>sumus,</strong></span> <span class='ocrx_word' id='word_1_377' title='bbox 2675 1157 2837 1208; x_wconf 85' lang='lat' dir='ltr'><strong>talem</strong></span> <span class='ocrx_word' id='word_1_378' title='bbox 2901 1154 3288 1209; x_wconf 76' lang='lat' dir='ltr'><strong>existimantes</strong></span> <span class='ocrx_word' id='word_1_379' title='bbox 3338 1169 3538 1209; x_wconf 88' lang='lat' dir='ltr'><strong>conse-</strong></span> <span class='ocrx_word' id='word_1_380' title='bbox 3607 1137 3614 1154; x_wconf 64' lang='grc'><em>’</em></span> 
     </span>
    </p>
   </div>
   <div class='ocr_carea' id='block_1_56' title="bbox 1948 1243 3540 1318">
    <p class='ocr_par' dir='ltr' id='par_1_56' title="bbox 1948 1243 3540 1318">
     <span class='ocr_line' id='line_1_56' title="bbox 1948 1243 3540 1318; baseline 0.001 -20"><span class='ocrx_word' id='word_1_381' title='bbox 1948 1244 2236 1314; x_wconf 88' lang='lat' dir='ltr'><strong>quentiam</strong></span> <span class='ocrx_word' id='word_1_382' title='bbox 2293 1243 2806 1318; x_wconf 89' lang='lat' dir='ltr'><strong>[consuetudinem]</strong></span> <span class='ocrx_word' id='word_1_383' title='bbox 2854 1260 2996 1311; x_wconf 91' lang='lat' dir='ltr'><strong>esse,</strong></span> <span class='ocrx_word' id='word_1_384' title='bbox 3048 1250 3108 1300; x_wconf 90' lang='lat' dir='ltr'><strong>ut</strong></span> <span class='ocrx_word' id='word_1_385' title='bbox 3159 1245 3474 1301; x_wconf 66' lang='lat' dir='ltr'><strong>videremur</strong></span> <span class='ocrx_word' id='word_1_386' title='bbox 3508 1261 3540 1300; x_wconf 88' lang='lat' dir='ltr'><strong>a</strong></span> 
     </span>
    </p>
   </div>
   <div class='ocr_carea' id='block_1_57' title="bbox 1949 1335 3539 1407">
    <p class='ocr_par' dir='ltr' id='par_1_57' title="bbox 1949 1335 3539 1407">
     <span class='ocr_line' id='line_1_57' title="bbox 1949 1335 3539 1407; baseline 0.001 -15"><span class='ocrx_word' id='word_1_387' title='bbox 1949 1338 2102 1392; x_wconf 89' lang='lat' dir='ltr'><strong>curia</strong></span> <span class='ocrx_word' id='word_1_388' title='bbox 2131 1338 2356 1404; x_wconf 87' lang='lat' dir='ltr'><strong>publica</strong></span> <span class='ocrx_word' id='word_1_389' title='bbox 2392 1339 2636 1394; x_wconf 88' lang='lat' dir='ltr'><strong>liberari.</strong></span> <span class='ocrx_word' id='word_1_390' title='bbox 2669 1335 2734 1394; x_wconf 85' lang='lat' dir='ltr'><strong>Et</strong></span> <span class='ocrx_word' id='word_1_391' title='bbox 2768 1353 2918 1394; x_wconf 92' lang='lat' dir='ltr'><strong>nunc</strong></span> <span class='ocrx_word' id='word_1_392' title='bbox 2961 1340 3342 1407; x_wconf 90' lang='lat' dir='ltr'><strong>obsecramus,</strong></span> <span class='ocrx_word' id='word_1_393' title='bbox 3400 1350 3462 1394; x_wconf 87' lang='lat' dir='ltr'><strong>ut</strong></span> <span class='ocrx_word' id='word_1_394' title='bbox 3492 1341 3539 1394; x_wconf 90' lang='lat' dir='ltr'><strong>si</strong></span> 
     </span>
    </p>
   </div>
   <div class='ocr_carea' id='block_1_58' title="bbox 1949 1423 3540 1509">
    <p class='ocr_par' dir='ltr' id='par_1_58' title="bbox 1949 1423 3540 1509">
     <span class='ocr_line' id='line_1_58' title="bbox 1949 1423 3540 1509; baseline 0.002 -24"><span class='ocrx_word' id='word_1_395' title='bbox 1949 1433 2179 1502; x_wconf 78' lang='lat' dir='ltr'><strong>quidem</strong></span> <span class='ocrx_word' id='word_1_396' title='bbox 2198 1423 2412 1502; x_wconf 69' lang='lat' dir='ltr'><strong>Iustum</strong></span> <span class='ocrx_word' id='word_1_397' title='bbox 2447 1441 2530 1488; x_wconf 86' lang='lat' dir='ltr'><strong>est</strong></span> <span class='ocrx_word' id='word_1_398' title='bbox 2571 1449 2673 1489; x_wconf 85' lang='lat' dir='ltr'><strong>nos</strong></span> <span class='ocrx_word' id='word_1_399' title='bbox 2704 1447 2830 1490; x_wconf 88' lang='lat' dir='ltr'><strong>esse</strong></span> <span class='ocrx_word' id='word_1_400' title='bbox 2862 1434 2914 1488; x_wconf 94' lang='lat' dir='ltr'><strong>in</strong></span> <span class='ocrx_word' id='word_1_401' title='bbox 2948 1431 3260 1490; x_wconf 89' lang='lat' dir='ltr'><strong>ministerio</strong></span> <span class='ocrx_word' id='word_1_402' title='bbox 3290 1435 3540 1509; x_wconf 68' lang='lat' dir='ltr'><strong>ecclesia:</strong></span> 
     </span>
    </p>
   </div>
   <div class='ocr_carea' id='block_1_59' title="bbox 1951 1525 3538 1598">
    <p class='ocr_par' dir='ltr' id='par_1_59' title="bbox 1951 1525 3538 1598">
     <span class='ocr_line' id='line_1_59' title="bbox 1951 1525 3538 1598; baseline 0.002 -18"><span class='ocrx_word' id='word_1_403' title='bbox 1951 1525 2168 1580; x_wconf 91' lang='lat' dir='ltr'><strong>simus:</strong></span> <span class='ocrx_word' id='word_1_404' title='bbox 2203 1525 2288 1580; x_wconf 92' lang='lat' dir='ltr'><strong>sin</strong></span> <span class='ocrx_word' id='word_1_405' title='bbox 2315 1535 2522 1591; x_wconf 87' lang='lat' dir='ltr'><strong>autem,</strong></span> <span class='ocrx_word' id='word_1_406' title='bbox 2566 1527 2760 1582; x_wconf 87' lang='lat' dir='ltr'><strong>saltem</strong></span> <span class='ocrx_word' id='word_1_407' title='bbox 2807 1543 3004 1582; x_wconf 88' lang='lat' dir='ltr'><strong>aurum</strong></span> <span class='ocrx_word' id='word_1_408' title='bbox 3053 1529 3198 1598; x_wconf 89' lang='lat' dir='ltr'><strong>quod</strong></span> <span class='ocrx_word' id='word_1_409' title='bbox 3262 1527 3538 1591; x_wconf 81' lang='lat' dir='ltr'><strong>dedimus,</strong></span> 
     </span>
    </p>
   </div>
   <div class='ocr_carea' id='block_1_60' title="bbox 1951 1617 3540 1692">
    <p class='ocr_par' dir='ltr' id='par_1_60' title="bbox 1951 1617 3540 1692">
     <span class='ocr_line' id='line_1_60' title="bbox 1951 1617 3540 1692; baseline 0.004 -22"><span class='ocrx_word' id='word_1_410' title='bbox 1951 1617 2328 1686; x_wconf 84' lang='lat' dir='ltr'><strong>recipiamus:</strong></span> <span class='ocrx_word' id='word_1_411' title='bbox 2361 1635 2486 1673; x_wconf 90' lang='lat' dir='ltr'><strong>nam</strong></span> <span class='ocrx_word' id='word_1_412' title='bbox 2515 1635 2760 1684; x_wconf 28' lang='lat' dir='ltr'><strong>uxorum.</strong></span> <span class='ocrx_word' id='word_1_413' title='bbox 2803 1629 3121 1676; x_wconf 90' lang='lat' dir='ltr'><strong>nostrarum</strong></span> <span class='ocrx_word' id='word_1_414' title='bbox 3157 1625 3406 1692; x_wconf 71' lang='lat' dir='ltr'><strong>quzedam</strong></span> <span class='ocrx_word' id='word_1_415' title='bbox 3443 1623 3540 1677; x_wconf 82' lang='lat' dir='ltr'><strong>de-</strong></span> 
     </span>
    </p>
   </div>
   <div class='ocr_carea' id='block_1_61' title="bbox 1951 1705 3540 1780">
    <p class='ocr_par' dir='ltr' id='par_1_61' title="bbox 1951 1705 3540 1780">
     <span class='ocr_line' id='line_1_61' title="bbox 1951 1705 3540 1780; baseline 0.003 -20"><span class='ocrx_word' id='word_1_416' title='bbox 1951 1707 2132 1762; x_wconf 91' lang='lat' dir='ltr'><strong>dimus</strong></span> <span class='ocrx_word' id='word_1_417' title='bbox 2160 1723 2310 1763; x_wconf 89' lang='lat' dir='ltr'><strong>vasa.</strong></span> <span class='ocrx_word' id='word_1_418' title='bbox 2340 1705 2581 1763; x_wconf 83' lang='lat' dir='ltr'><strong>Joannes</strong></span> <span class='ocrx_word' id='word_1_419' title='bbox 2602 1708 2668 1762; x_wconf 88' lang='lat' dir='ltr'><strong>ad</strong></span> <span class='ocrx_word' id='word_1_420' title='bbox 2695 1709 2810 1764; x_wconf 68' lang='lat' dir='ltr'><strong>haec</strong></span> <span class='ocrx_word' id='word_1_421' title='bbox 2842 1711 3254 1780; x_wconf 74' lang='lat' dir='ltr'><strong>repromittebat</strong></span> <span class='ocrx_word' id='word_1_422' title='bbox 3282 1712 3540 1778; x_wconf 73' lang='lat' dir='ltr'><strong>concilio,</strong></span> 
     </span>
    </p>
   </div>
   <div class='ocr_carea' id='block_1_62' title="bbox 1953 1800 3539 1876">
    <p class='ocr_par' dir='ltr' id='par_1_62' title="bbox 1953 1800 3539 1876">
     <span class='ocr_line' id='line_1_62' title="bbox 1953 1800 3539 1876; baseline 0.008 -23"><span class='ocrx_word' id='word_1_423' title='bbox 1953 1801 2080 1870; x_wconf 87' lang='lat' dir='ltr'><strong>quia</strong></span> <span class='ocrx_word' id='word_1_424' title='bbox 2117 1815 2145 1854; x_wconf 89' lang='lat' dir='ltr'><strong>a</strong></span> <span class='ocrx_word' id='word_1_425' title='bbox 2195 1800 2351 1857; x_wconf 89' lang='lat' dir='ltr'><strong>curia</strong></span> <span class='ocrx_word' id='word_1_426' title='bbox 2400 1803 2621 1872; x_wconf 86' lang='lat' dir='ltr'><strong>quidem</strong></span> <span class='ocrx_word' id='word_1_427' title='bbox 2680 1817 2781 1876; x_wconf 80' lang='lat' dir='ltr'><strong>ego</strong></span> <span class='ocrx_word' id='word_1_428' title='bbox 2809 1819 2906 1860; x_wconf 90' lang='lat' dir='ltr'><strong>eos</strong></span> <span class='ocrx_word' id='word_1_429' title='bbox 2937 1821 3060 1860; x_wconf 86' lang='lat' dir='ltr'><strong>cum</strong></span> <span class='ocrx_word' id='word_1_430' title='bbox 3106 1806 3217 1864; x_wconf 88' lang='lat' dir='ltr'><strong>Deo</strong></span> <span class='ocrx_word' id='word_1_431' title='bbox 3273 1808 3539 1873; x_wconf 65' lang='lat' dir='ltr'><strong>liberabO,</strong></span> 
     </span>
    </p>
   </div>
   <div class='ocr_carea' id='block_1_63' title="bbox 1955 1893 3544 1973">
    <p class='ocr_par' dir='ltr' id='par_1_63' title="bbox 1955 1893 3544 1973">
     <span class='ocr_line' id='line_1_63' title="bbox 1955 1893 3544 1973; baseline 0.006 -25"><span class='ocrx_word' id='word_1_432' title='bbox 1955 1893 2242 1965; x_wconf 85' lang='lat' dir='ltr'><strong>postulans</strong></span> <span class='ocrx_word' id='word_1_433' title='bbox 2283 1895 2702 1966; x_wconf 82' lang='lat' dir='ltr'><strong>imperatorem:</strong></span> <span class='ocrx_word' id='word_1_434' title='bbox 2732 1914 2834 1955; x_wconf 82' lang='lat' dir='ltr'><strong>vos</strong></span> <span class='ocrx_word' id='word_1_435' title='bbox 2870 1907 3052 1954; x_wconf 90' lang='lat' dir='ltr'><strong>autem</strong></span> <span class='ocrx_word' id='word_1_436' title='bbox 3087 1902 3367 1973; x_wconf 69' lang='lat' dir='ltr'><strong>prtecipite</strong></span> <span class='ocrx_word' id='word_1_437' title='bbox 3397 1905 3544 1959; x_wconf 84' lang='lat' dir='ltr'><strong>acci-</strong></span> 
     </span>
    </p>
   </div>
   <div class='ocr_carea' id='block_1_64' title="bbox 1955 1987 3540 2058">
    <p class='ocr_par' dir='ltr' id='par_1_64' title="bbox 1955 1987 3540 2058">
     <span class='ocr_line' id='line_1_64' title="bbox 1955 1987 3540 2058; baseline 0.007 -17"><span class='ocrx_word' id='word_1_438' title='bbox 1955 2002 2084 2056; x_wconf 84' lang='lat' dir='ltr'><strong>pere</strong></span> <span class='ocrx_word' id='word_1_439' title='bbox 2131 1987 2254 2043; x_wconf 88' lang='lat' dir='ltr'><strong>illos</strong></span> <span class='ocrx_word' id='word_1_440' title='bbox 2289 1989 2433 2058; x_wconf 91' lang='lat' dir='ltr'><strong>quod</strong></span> <span class='ocrx_word' id='word_1_441' title='bbox 2467 1990 2757 2056; x_wconf 86' lang='lat' dir='ltr'><strong>dederunt,</strong></span> <span class='ocrx_word' id='word_1_442' title='bbox 2816 1991 2885 2048; x_wconf 89' lang='lat' dir='ltr'><strong>ab</strong></span> <span class='ocrx_word' id='word_1_443' title='bbox 2915 1993 3222 2049; x_wconf 84' lang='lat' dir='ltr'><strong>haeredibus</strong></span> <span class='ocrx_word' id='word_1_444' title='bbox 3251 1995 3540 2052; x_wconf 77' lang='lat' dir='ltr'><strong>Antonini.</strong></span> 
     </span>
    </p>
   </div>
   <div class='ocr_carea' id='block_1_65' title="bbox 1953 2077 3544 2158">
    <p class='ocr_par' dir='ltr' id='par_1_65' title="bbox 1953 2077 3544 2158">
     <span class='ocr_line' id='line_1_65' title="bbox 1953 2077 3544 2158; baseline 0.006 -25"><span class='ocrx_word' id='word_1_445' title='bbox 1953 2077 2226 2148; x_wconf 67' lang='lat' dir='ltr'><strong>Praecepit</strong></span> <span class='ocrx_word' id='word_1_446' title='bbox 2278 2082 2519 2153; x_wconf 79' lang='lat' dir='ltr'><strong>synodus</strong></span> <span class='ocrx_word' id='word_1_447' title='bbox 2553 2099 2748 2138; x_wconf 90' lang='lat' dir='ltr'><strong>aurum</strong></span> <span class='ocrx_word' id='word_1_448' title='bbox 2780 2085 3000 2155; x_wconf 88' lang='lat' dir='ltr'><strong>quidem</strong></span> <span class='ocrx_word' id='word_1_449' title='bbox 3037 2099 3136 2148; x_wconf 75' lang='lat' dir='ltr'><strong>eos</strong></span> <span class='ocrx_word' id='word_1_450' title='bbox 3187 2087 3428 2158; x_wconf 87' lang='lat' dir='ltr'><strong>recipere</strong></span> <span class='ocrx_word' id='word_1_451' title='bbox 3473 2089 3544 2142; x_wconf 85' lang='lat' dir='ltr'><strong>ab</strong></span> 
     </span>
    </p>
   </div>
   <div class='ocr_carea' id='block_1_66' title="bbox 1955 2169 3541 2240">
    <p class='ocr_par' dir='ltr' id='par_1_66' title="bbox 1955 2169 3541 2240">
     <span class='ocr_line' id='line_1_66' title="bbox 1955 2169 3541 2240; baseline 0.007 -18"><span class='ocrx_word' id='word_1_452' title='bbox 1955 2169 2266 2228; x_wconf 78' lang='lat' dir='ltr'><strong>lueredibus</strong></span> <span class='ocrx_word' id='word_1_453' title='bbox 2318 2171 2607 2240; x_wconf 83' lang='lat' dir='ltr'><strong>Antonini,</strong></span> <span class='ocrx_word' id='word_1_454' title='bbox 2671 2177 3087 2232; x_wconf 88' lang='lat' dir='ltr'><strong>communicare</strong></span> <span class='ocrx_word' id='word_1_455' title='bbox 3158 2187 3340 2233; x_wconf 90' lang='lat' dir='ltr'><strong>autem</strong></span> <span class='ocrx_word' id='word_1_456' title='bbox 3397 2179 3541 2234; x_wconf 83' lang='lat' dir='ltr'><strong>intra</strong></span> 
     </span>
    </p>
   </div>
   <div class='ocr_carea' id='block_1_67' title="bbox 1934 2262 3542 2334">
    <p class='ocr_par' dir='ltr' id='par_1_67' title="bbox 1934 2262 3542 2334">
     <span class='ocr_line' id='line_1_67' title="bbox 1934 2262 3542 2334; baseline 0.007 -19"><span class='ocrx_word' id='word_1_457' title='bbox 1934 2262 2148 2327; x_wconf 77' lang='lat' dir='ltr'><strong>altare,</strong></span> <span class='ocrx_word' id='word_1_458' title='bbox 2183 2274 2386 2320; x_wconf 89' lang='lat' dir='ltr'><strong>etesse</strong></span> <span class='ocrx_word' id='word_1_459' title='bbox 2426 2265 2672 2334; x_wconf 82' lang='lat' dir='ltr'><strong>privatos</strong></span> <span class='ocrx_word' id='word_1_460' title='bbox 2704 2269 3016 2323; x_wconf 90' lang='lat' dir='ltr'><strong>sacerdotio</strong></span> <span class='ocrx_word' id='word_1_461' title='bbox 3047 2286 3063 2324; x_wconf 95' lang='lat'><strong>:</strong></span> <span class='ocrx_word' id='word_1_462' title='bbox 3099 2285 3168 2325; x_wconf 90' lang='lat' dir='ltr'><strong>ne</strong></span> <span class='ocrx_word' id='word_1_463' title='bbox 3198 2270 3321 2326; x_wconf 79' lang='lat' dir='ltr'><strong>istis</strong></span> <span class='ocrx_word' id='word_1_464' title='bbox 3358 2271 3542 2326; x_wconf 84' lang='lat' dir='ltr'><strong>iudul--</strong></span> 
     </span>
    </p>
   </div>
   <div class='ocr_carea' id='block_1_68' title="bbox 1954 2357 3544 2426">
    <p class='ocr_par' dir='ltr' id='par_1_68' title="bbox 1954 2357 3544 2426">
     <span class='ocr_line' id='line_1_68' title="bbox 1954 2357 3544 2426; baseline 0.009 -18"><span class='ocrx_word' id='word_1_465' title='bbox 1954 2357 2192 2426; x_wconf 83' lang='lat' dir='ltr'><strong>gentiam</strong></span> <span class='ocrx_word' id='word_1_466' title='bbox 2227 2361 2569 2425; x_wconf 88' lang='lat' dir='ltr'><strong>consecutis,</strong></span> <span class='ocrx_word' id='word_1_467' title='bbox 2599 2362 2943 2418; x_wconf 89' lang='lat' dir='ltr'><strong>consuetudo</strong></span> <span class='ocrx_word' id='word_1_468' title='bbox 2979 2363 3136 2420; x_wconf 81' lang='lat' dir='ltr'><strong>fieret</strong></span> <span class='ocrx_word' id='word_1_469' title='bbox 3179 2364 3412 2422; x_wconf 86' lang='lat' dir='ltr'><strong>Judaica</strong></span> <span class='ocrx_word' id='word_1_470' title='bbox 3458 2367 3544 2422; x_wconf 83' lang='lat' dir='ltr'><strong>vel</strong></span> 
     </span>
    </p>
   </div>
   <div class='ocr_carea' id='block_1_69' title="bbox 1955 2447 3544 2522">
    <p class='ocr_par' dir='ltr' id='par_1_69' title="bbox 1955 2447 3544 2522">
     <span class='ocr_line' id='line_1_69' title="bbox 1955 2447 3544 2522; baseline 0.008 -20"><span class='ocrx_word' id='word_1_471' title='bbox 1955 2447 2207 2522; x_wconf 71' lang='lat' dir='ltr'><strong>Egyptia</strong></span> <span class='ocrx_word' id='word_1_472' title='bbox 2234 2452 2498 2507; x_wconf 86' lang='lat' dir='ltr'><strong>vendendi</strong></span> <span class='ocrx_word' id='word_1_473' title='bbox 2531 2455 2928 2518; x_wconf 87' lang='lat' dir='ltr'><strong>sacerdotium,</strong></span> <span class='ocrx_word' id='word_1_474' title='bbox 2965 2457 3053 2512; x_wconf 86' lang='lat' dir='ltr'><strong>vel</strong></span> <span class='ocrx_word' id='word_1_475' title='bbox 3087 2459 3326 2514; x_wconf 89' lang='lat' dir='ltr'><strong>emendi.</strong></span> <span class='ocrx_word' id='word_1_476' title='bbox 3371 2459 3544 2514; x_wconf 86' lang='lat' dir='ltr'><strong>Aiunt</strong></span> 
     </span>
    </p>
   </div>
   <div class='ocr_carea' id='block_1_70' title="bbox 1954 2542 3543 2618">
    <p class='ocr_par' dir='ltr' id='par_1_70' title="bbox 1954 2542 3543 2618">
     <span class='ocr_line' id='line_1_70' title="bbox 1954 2542 3543 2618; baseline 0.002 -20"><span class='ocrx_word' id='word_1_477' title='bbox 1954 2543 2100 2598; x_wconf 89' lang='lat' dir='ltr'><strong>enim</strong></span> <span class='ocrx_word' id='word_1_478' title='bbox 2127 2543 2476 2614; x_wconf 89' lang='lat' dir='ltr'><strong>pestilentem</strong></span> <span class='ocrx_word' id='word_1_479' title='bbox 2507 2551 2560 2599; x_wconf 89' lang='lat' dir='ltr'><strong>et</strong></span> <span class='ocrx_word' id='word_1_480' title='bbox 2589 2542 2898 2602; x_wconf 80' lang='lat' dir='ltr'><strong>falsidicum</strong></span> <span class='ocrx_word' id='word_1_481' title='bbox 2928 2549 3298 2618; x_wconf 86' lang='lat' dir='ltr'><strong>patriarcbam</strong></span> <span class='ocrx_word' id='word_1_482' title='bbox 3322 2549 3543 2606; x_wconf 72' lang='lat' dir='ltr'><strong>Judaeu-</strong></span> 
     </span>
    </p>
   </div>
   <div class='ocr_carea' id='block_1_71' title="bbox 1957 2633 3539 2714">
    <p class='ocr_par' dir='ltr' id='par_1_71' title="bbox 1957 2633 3539 2714">
     <span class='ocr_line' id='line_1_71' title="bbox 1957 2633 3539 2714; baseline 0.007 -28"><span class='ocrx_word' id='word_1_483' title='bbox 1957 2649 2078 2688; x_wconf 93' lang='lat' dir='ltr'><strong>rum</strong></span> <span class='ocrx_word' id='word_1_484' title='bbox 2111 2649 2206 2703; x_wconf 90' lang='lat' dir='ltr'><strong>per</strong></span> <span class='ocrx_word' id='word_1_485' title='bbox 2237 2633 2484 2705; x_wconf 83' lang='lat' dir='ltr'><strong>singulos</strong></span> <span class='ocrx_word' id='word_1_486' title='bbox 2509 2651 2684 2692; x_wconf 89' lang='lat' dir='ltr'><strong>annos</strong></span> <span class='ocrx_word' id='word_1_487' title='bbox 2728 2637 2812 2691; x_wconf 82' lang='lat' dir='ltr'><strong>vel</strong></span> <span class='ocrx_word' id='word_1_488' title='bbox 2857 2638 3022 2700; x_wconf 84' lang='lat' dir='ltr'><strong>infra,</strong></span> <span class='ocrx_word' id='word_1_489' title='bbox 3074 2640 3539 2714; x_wconf 76' lang='lat' dir='ltr'><strong>archisynagogns</strong></span> 
     </span>
    </p>
   </div>
   <div class='ocr_carea' id='block_1_72' title="bbox 1955 2727 3538 2802">
    <p class='ocr_par' dir='ltr' id='par_1_72' title="bbox 1955 2727 3538 2802">
     <span class='ocr_line' id='line_1_72' title="bbox 1955 2727 3538 2802; baseline 0.008 -25"><span class='ocrx_word' id='word_1_490' title='bbox 1955 2742 2053 2796; x_wconf 80' lang='lat' dir='ltr'><strong>per</strong></span> <span class='ocrx_word' id='word_1_491' title='bbox 2105 2727 2255 2782; x_wconf 83' lang='lat' dir='ltr'><strong>vices</strong></span> <span class='ocrx_word' id='word_1_492' title='bbox 2292 2729 2630 2783; x_wconf 88' lang='lat' dir='ltr'><strong>constituere</strong></span> <span class='ocrx_word' id='word_1_493' title='bbox 2675 2743 2839 2784; x_wconf 80' lang='lat' dir='ltr'><strong>causa</strong></span> <span class='ocrx_word' id='word_1_494' title='bbox 2887 2729 3206 2801; x_wconf 77' lang='lat' dir='ltr'><strong>colligendae</strong></span> <span class='ocrx_word' id='word_1_495' title='bbox 3255 2732 3538 2802; x_wconf 70' lang='lat' dir='ltr'><strong>pecuniae:</strong></span> 
     </span>
    </p>
   </div>
   <div class='ocr_carea' id='block_1_73' title="bbox 1958 2817 3542 2893">
    <p class='ocr_par' dir='ltr' id='par_1_73' title="bbox 1958 2817 3542 2893">
     <span class='ocr_line' id='line_1_73' title="bbox 1958 2817 3542 2893; baseline 0.003 -22"><span class='ocrx_word' id='word_1_496' title='bbox 1958 2817 2212 2872; x_wconf 86' lang='lat' dir='ltr'><strong>similiter</strong></span> <span class='ocrx_word' id='word_1_497' title='bbox 2248 2827 2300 2872; x_wconf 91' lang='lat' dir='ltr'><strong>et</strong></span> <span class='ocrx_word' id='word_1_498' title='bbox 2331 2819 2708 2873; x_wconf 65' lang='lat' dir='ltr'><strong>azmulatorcm</strong></span> <span class='ocrx_word' id='word_1_499' title='bbox 2744 2819 2934 2885; x_wconf 84' lang='lat' dir='ltr'><strong>hujus,</strong></span> <span class='ocrx_word' id='word_1_500' title='bbox 2994 2819 3377 2893; x_wconf 64' lang='lat' dir='ltr'><strong>Egyptiorum</strong></span> <span class='ocrx_word' id='word_1_501' title='bbox 3428 2826 3542 2878; x_wconf 88' lang='lat' dir='ltr'><strong>sci-</strong></span> 
     </span>
    </p>
   </div>
   <div class='ocr_carea' id='block_1_74' title="bbox 1959 2907 3542 2983">
    <p class='ocr_par' dir='ltr' id='par_1_74' title="bbox 1959 2907 3542 2983">
     <span class='ocr_line' id='line_1_74' title="bbox 1959 2907 3542 2983; baseline 0.005 -22"><span class='ocrx_word' id='word_1_502' title='bbox 1959 2907 2088 2964; x_wconf 87' lang='lat' dir='ltr'><strong>licet</strong></span> <span class='ocrx_word' id='word_1_503' title='bbox 2114 2908 2519 2979; x_wconf 89' lang='lat' dir='ltr'><strong>patriarcbam;</strong></span> <span class='ocrx_word' id='word_1_504' title='bbox 2556 2919 2616 2964; x_wconf 93' lang='lat' dir='ltr'><strong>ut</strong></span> <span class='ocrx_word' id='word_1_505' title='bbox 2642 2910 2934 2980; x_wconf 88' lang='lat' dir='ltr'><strong>impleatur</strong></span> <span class='ocrx_word' id='word_1_506' title='bbox 2961 2911 3094 2968; x_wconf 92' lang='lat' dir='ltr'><strong>illud</strong></span> <span class='ocrx_word' id='word_1_507' title='bbox 3121 2913 3542 2983; x_wconf 89' lang='lat' dir='ltr'><strong>propheticum:</strong></span> 
     </span>
    </p>
   </div>
   <div class='ocr_carea' id='block_1_75' title="bbox 1965 2999 3542 3074">
    <p class='ocr_par' dir='ltr' id='par_1_75' title="bbox 1965 2999 3542 3074">
     <span class='ocr_line' id='line_1_75' title="bbox 1965 2999 3542 3074; baseline 0.006 -22"><span class='ocrx_word' id='word_1_508' title='bbox 1965 3005 1984 3052; x_wconf 66' lang='grc' dir='ltr'><strong>ι</strong></span> <span class='ocrx_word' id='word_1_509' title='bbox 2026 2999 2352 3058; x_wconf 87' lang='lat' dir='ltr'><strong>Sacerdotes</strong></span> <span class='ocrx_word' id='word_1_510' title='bbox 2369 3001 2491 3070; x_wconf 84' lang='lat' dir='ltr'><strong>ejus</strong></span> <span class='ocrx_word' id='word_1_511' title='bbox 2518 3018 2642 3057; x_wconf 92' lang='lat' dir='ltr'><strong>cum</strong></span> <span class='ocrx_word' id='word_1_512' title='bbox 2675 3004 3003 3060; x_wconf 90' lang='lat' dir='ltr'><strong>muneribus</strong></span> <span class='ocrx_word' id='word_1_513' title='bbox 3035 3006 3462 3074; x_wconf 89' lang='lat' dir='ltr'><strong>respondebant,</strong></span> <span class='ocrx_word' id='word_1_514' title='bbox 3491 3015 3542 3062; x_wconf 92' lang='lat' dir='ltr'><strong>et</strong></span> 
     </span>
    </p>
   </div>
   <div class='ocr_carea' id='block_1_76' title="bbox 1962 3092 3326 3167">
    <p class='ocr_par' dir='ltr' id='par_1_76' title="bbox 1962 3092 3326 3167">
     <span class='ocr_line' id='line_1_76' title="bbox 1962 3092 3326 3167; baseline 0.003 -21"><span class='ocrx_word' id='word_1_515' title='bbox 1962 3092 2239 3164; x_wconf 62' lang='lat' dir='ltr'><strong>prophetae</strong></span> <span class='ocrx_word' id='word_1_516' title='bbox 2268 3093 2414 3149; x_wconf 89' lang='lat' dir='ltr'><strong>illius</strong></span> <span class='ocrx_word' id='word_1_517' title='bbox 2437 3109 2564 3167; x_wconf 84' lang='lat' dir='ltr'><strong>cum</strong></span> <span class='ocrx_word' id='word_1_518' title='bbox 2601 3103 2828 3166; x_wconf 84' lang='lat' dir='ltr'><strong>argento</strong></span> <span class='ocrx_word' id='word_1_519' title='bbox 2859 3095 3178 3151; x_wconf 83' lang='lat' dir='ltr'><strong>divinabam</strong></span> <span class='ocrx_word' id='word_1_520' title='bbox 3204 3095 3274 3152; x_wconf 72' lang='lat'><strong>“.</strong></span> <span class='ocrx_word' id='word_1_521' title='bbox 3307 3116 3326 3150; x_wconf 75' lang='grc' dir='ltr'><strong>ι</strong></span> 
     </span>
    </p>
   </div>
   <div class='ocr_carea' id='block_1_77' title="bbox 1964 3183 3544 3258">
    <p class='ocr_par' dir='ltr' id='par_1_77' title="bbox 1964 3183 3544 3258">
     <span class='ocr_line' id='line_1_77' title="bbox 1964 3183 3544 3258; baseline 0.004 -20"><span class='ocrx_word' id='word_1_522' title='bbox 1964 3183 2047 3255; x_wconf 69' lang='lat' dir='ltr'><strong>Es</strong></span> <span class='ocrx_word' id='word_1_523' title='bbox 2082 3184 2382 3258; x_wconf 53' lang='lat' dir='ltr'><strong>eanonibus</strong></span> <span class='ocrx_word' id='word_1_524' title='bbox 2402 3197 2771 3258; x_wconf 70' lang='lat' dir='ltr'><strong>sexcentarum</strong></span> <span class='ocrx_word' id='word_1_525' title='bbox 2799 3187 3028 3258; x_wconf 79' lang='lat' dir='ltr'><strong>triginta</strong></span> <span class='ocrx_word' id='word_1_526' title='bbox 3071 3199 3384 3243; x_wconf 83' lang='lat' dir='ltr'><strong>sanctorum</strong></span> <span class='ocrx_word' id='word_1_527' title='bbox 3439 3187 3544 3244; x_wconf 85' lang='lat' dir='ltr'><strong>Pa-</strong></span> 
     </span>
    </p>
   </div>
   <div class='ocr_carea' id='block_1_78' title="bbox 2033 3255 3560 3328">
    <p class='ocr_par' dir='ltr' id='par_1_78' title="bbox 2033 3255 3560 3328">
     <span class='ocr_line' id='line_1_78' title="bbox 2033 3255 3560 3328; baseline 0.005 -20"><span class='ocrx_word' id='word_1_528' title='bbox 2033 3257 2301 3325; x_wconf 81' lang='lat' dir='ltr'><strong>trum,qui</strong></span> <span class='ocrx_word' id='word_1_529' title='bbox 2318 3255 2653 3311; x_wconf 81' lang='lat' dir='ltr'><strong>Chalcedone</strong></span> <span class='ocrx_word' id='word_1_530' title='bbox 2677 3255 3048 3324; x_wconf 77' lang='lat' dir='ltr'><strong>convenerunt,</strong></span> <span class='ocrx_word' id='word_1_531' title='bbox 3079 3258 3257 3328; x_wconf 81' lang='lat' dir='ltr'><strong>regula</strong></span> <span class='ocrx_word' id='word_1_532' title='bbox 3289 3255 3560 3316; x_wconf 61' lang='lat' dir='ltr'><strong>secunda.</strong></span> 
     </span>
    </p>
   </div>
   <div class='ocr_carea' id='block_1_79' title="bbox 2030 3415 3542 3489">
    <p class='ocr_par' dir='ltr' id='par_1_79' title="bbox 2030 3415 3542 3489">
     <span class='ocr_line' id='line_1_79' title="bbox 2030 3415 3542 3489; baseline 0.001 -17"><span class='ocrx_word' id='word_1_533' title='bbox 2030 3415 2090 3472; x_wconf 86' lang='lat' dir='ltr'><strong>Si</strong></span> <span class='ocrx_word' id='word_1_534' title='bbox 2121 3417 2247 3488; x_wconf 85' lang='lat' dir='ltr'><strong>quis</strong></span> <span class='ocrx_word' id='word_1_535' title='bbox 2281 3418 2572 3489; x_wconf 88' lang='lat' dir='ltr'><strong>episcopus</strong></span> <span class='ocrx_word' id='word_1_536' title='bbox 2625 3433 2722 3489; x_wconf 91' lang='lat' dir='ltr'><strong>per</strong></span> <span class='ocrx_word' id='word_1_537' title='bbox 2762 3417 3032 3488; x_wconf 88' lang='lat' dir='ltr'><strong>pecunias</strong></span> <span class='ocrx_word' id='word_1_538' title='bbox 3081 3416 3274 3473; x_wconf 88' lang='lat' dir='ltr'><strong>fecerit</strong></span> <span class='ocrx_word' id='word_1_539' title='bbox 3314 3417 3542 3474; x_wconf 72' lang='lat' dir='ltr'><strong>ordina-</strong></span> 
     </span>
    </p>
   </div>
   <div class='ocr_carea' id='block_1_80' title="bbox 1958 3508 3542 3581">
    <p class='ocr_par' dir='ltr' id='par_1_80' title="bbox 1958 3508 3542 3581">
     <span class='ocr_line' id='line_1_80' title="bbox 1958 3508 3542 3581; baseline 0.001 -18"><span class='ocrx_word' id='word_1_540' title='bbox 1958 3509 2185 3574; x_wconf 85' lang='lat' dir='ltr'><strong>tionem,</strong></span> <span class='ocrx_word' id='word_1_541' title='bbox 2216 3518 2274 3566; x_wconf 87' lang='lat' dir='ltr'><strong>et</strong></span> <span class='ocrx_word' id='word_1_542' title='bbox 2305 3511 2412 3566; x_wconf 87' lang='lat' dir='ltr'><strong>sub</strong></span> <span class='ocrx_word' id='word_1_543' title='bbox 2447 3508 2622 3580; x_wconf 87' lang='lat' dir='ltr'><strong>pretio</strong></span> <span class='ocrx_word' id='word_1_544' title='bbox 2667 3510 2938 3581; x_wconf 75' lang='lat' dir='ltr'><strong>redegerit</strong></span> <span class='ocrx_word' id='word_1_545' title='bbox 2981 3509 3216 3580; x_wconf 81' lang='lat' dir='ltr'><strong>gratiam</strong></span> <span class='ocrx_word' id='word_1_546' title='bbox 3271 3525 3396 3580; x_wconf 66' lang='lat' dir='ltr'><strong>quas</strong></span> <span class='ocrx_word' id='word_1_547' title='bbox 3430 3525 3542 3566; x_wconf 90' lang='lat' dir='ltr'><strong>non</strong></span> 
     </span>
    </p>
   </div>
   <div class='ocr_carea' id='block_1_81' title="bbox 1960 3603 3542 3674">
    <p class='ocr_par' dir='ltr' id='par_1_81' title="bbox 1960 3603 3542 3674">
     <span class='ocr_line' id='line_1_81' title="bbox 1960 3603 3542 3674; baseline -0.001 -16"><span class='ocrx_word' id='word_1_548' title='bbox 1960 3613 2136 3673; x_wconf 89' lang='lat' dir='ltr'><strong>potest</strong></span> <span class='ocrx_word' id='word_1_549' title='bbox 2165 3603 2349 3667; x_wconf 90' lang='lat' dir='ltr'><strong>vendi,</strong></span> <span class='ocrx_word' id='word_1_550' title='bbox 2377 3603 2826 3673; x_wconf 76' lang='lat' dir='ltr'><strong>ordinaveritque</strong></span> <span class='ocrx_word' id='word_1_551' title='bbox 2865 3619 2959 3673; x_wconf 86' lang='lat' dir='ltr'><strong>per</strong></span> <span class='ocrx_word' id='word_1_552' title='bbox 3008 3603 3297 3674; x_wconf 89' lang='lat' dir='ltr'><strong>pecuniam</strong></span> <span class='ocrx_word' id='word_1_553' title='bbox 3325 3603 3542 3672; x_wconf 66' lang='lat' dir='ltr'><strong>episeoo</strong></span> 
     </span>
    </p>
   </div>
   <div class='ocr_carea' id='block_1_82' title="bbox 1958 3695 3540 3766">
    <p class='ocr_par' dir='ltr' id='par_1_82' title="bbox 1958 3695 3540 3766">
     <span class='ocr_line' id='line_1_82' title="bbox 1958 3695 3540 3766; baseline 0.001 -17"><span class='ocrx_word' id='word_1_554' title='bbox 1958 3711 2113 3765; x_wconf 92' lang='lat' dir='ltr'><strong>pum,</strong></span> <span class='ocrx_word' id='word_1_555' title='bbox 2149 3696 2232 3750; x_wconf 90' lang='lat' dir='ltr'><strong>vel</strong></span> <span class='ocrx_word' id='word_1_556' title='bbox 2289 3695 2772 3766; x_wconf 81' lang='lat' dir='ltr'><strong>chorepiseopum,</strong></span> <span class='ocrx_word' id='word_1_557' title='bbox 2830 3696 2922 3750; x_wconf 91' lang='lat' dir='ltr'><strong>vel</strong></span> <span class='ocrx_word' id='word_1_558' title='bbox 2985 3697 3390 3766; x_wconf 84' lang='lat' dir='ltr'><strong>presbyterum,</strong></span> <span class='ocrx_word' id='word_1_559' title='bbox 3451 3703 3540 3750; x_wconf 89' lang='lat' dir='ltr'><strong>aut</strong></span> 
     </span>
    </p>
   </div>
   <div class='ocr_carea' id='block_1_83' title="bbox 1955 3787 3541 3857">
    <p class='ocr_par' dir='ltr' id='par_1_83' title="bbox 1955 3787 3541 3857">
     <span class='ocr_line' id='line_1_83' title="bbox 1955 3787 3541 3857; baseline -0.001 -15"><span class='ocrx_word' id='word_1_560' title='bbox 1955 3789 2273 3854; x_wconf 87' lang='lat' dir='ltr'><strong>diaconum,</strong></span> <span class='ocrx_word' id='word_1_561' title='bbox 2305 3787 2392 3842; x_wconf 88' lang='lat' dir='ltr'><strong>vel</strong></span> <span class='ocrx_word' id='word_1_562' title='bbox 2429 3787 2730 3857; x_wconf 90' lang='lat' dir='ltr'><strong>quemlibet</strong></span> <span class='ocrx_word' id='word_1_563' title='bbox 2774 3803 2842 3843; x_wconf 76' lang='lat' dir='ltr'><strong>ex</strong></span> <span class='ocrx_word' id='word_1_564' title='bbox 2885 3787 2972 3842; x_wconf 85' lang='lat' dir='ltr'><strong>bis</strong></span> <span class='ocrx_word' id='word_1_565' title='bbox 3005 3787 3100 3856; x_wconf 87' lang='lat' dir='ltr'><strong>qui</strong></span> <span class='ocrx_word' id='word_1_566' title='bbox 3125 3802 3541 3842; x_wconf 72' lang='lat' dir='ltr'><strong>connumeran-</strong></span> 
     </span>
    </p>
   </div>
   <div class='ocr_carea' id='block_1_84' title="bbox 1957 3877 3542 3953">
    <p class='ocr_par' dir='ltr' id='par_1_84' title="bbox 1957 3877 3542 3953">
     <span class='ocr_line' id='line_1_84' title="bbox 1957 3877 3542 3953; baseline -0.003 -15"><span class='ocrx_word' id='word_1_567' title='bbox 1957 3891 2046 3938; x_wconf 90' lang='lat' dir='ltr'><strong>tur</strong></span> <span class='ocrx_word' id='word_1_568' title='bbox 2073 3885 2128 3938; x_wconf 90' lang='lat' dir='ltr'><strong>in</strong></span> <span class='ocrx_word' id='word_1_569' title='bbox 2154 3882 2306 3938; x_wconf 91' lang='lat' dir='ltr'><strong>clero</strong></span> <span class='ocrx_word' id='word_1_570' title='bbox 2338 3898 2353 3948; x_wconf 92' lang='lat'><strong>;</strong></span> <span class='ocrx_word' id='word_1_571' title='bbox 2400 3891 2497 3936; x_wconf 86' lang='lat' dir='ltr'><strong>aut</strong></span> <span class='ocrx_word' id='word_1_572' title='bbox 2525 3879 2866 3952; x_wconf 83' lang='lat' dir='ltr'><strong>promoverit</strong></span> <span class='ocrx_word' id='word_1_573' title='bbox 2898 3895 2993 3950; x_wconf 89' lang='lat' dir='ltr'><strong>per</strong></span> <span class='ocrx_word' id='word_1_574' title='bbox 3019 3879 3282 3953; x_wconf 81' lang='lat' dir='ltr'><strong>pecunias</strong></span> <span class='ocrx_word' id='word_1_575' title='bbox 3318 3877 3542 3949; x_wconf 70' lang='lat' dir='ltr'><strong>dispcm</strong></span> 
     </span>
    </p>
   </div>
   <div class='ocr_carea' id='block_1_85' title="bbox 1957 3971 3542 4042">
    <p class='ocr_par' dir='ltr' id='par_1_85' title="bbox 1957 3971 3542 4042">
     <span class='ocr_line' id='line_1_85' title="bbox 1957 3971 3542 4042; baseline -0.002 -11"><span class='ocrx_word' id='word_1_576' title='bbox 1957 3985 2348 4042; x_wconf 85' lang='lat' dir='ltr'><strong>satorem,aut</strong></span> <span class='ocrx_word' id='word_1_577' title='bbox 2367 3973 2738 4038; x_wconf 78' lang='lat' dir='ltr'><strong>defensorem,</strong></span> <span class='ocrx_word' id='word_1_578' title='bbox 2801 3973 2890 4028; x_wconf 86' lang='lat' dir='ltr'><strong>vel</strong></span> <span class='ocrx_word' id='word_1_579' title='bbox 2925 3971 3388 4036; x_wconf 87' lang='lat' dir='ltr'><strong>mansionarium,</strong></span> <span class='ocrx_word' id='word_1_580' title='bbox 3447 3981 3542 4028; x_wconf 90' lang='lat' dir='ltr'><strong>aut</strong></span> 
     </span>
    </p>
   </div>
   <div class='ocr_carea' id='block_1_86' title="bbox 1956 4064 3542 4140">
    <p class='ocr_par' dir='ltr' id='par_1_86' title="bbox 1956 4064 3542 4140">
     <span class='ocr_line' id='line_1_86' title="bbox 1956 4064 3542 4140; baseline -0.003 -18"><span class='ocrx_word' id='word_1_581' title='bbox 1956 4083 2290 4140; x_wconf 89' lang='lat' dir='ltr'><strong>quemquam</strong></span> <span class='ocrx_word' id='word_1_582' title='bbox 2328 4067 2424 4138; x_wconf 85' lang='lat' dir='ltr'><strong>qui</strong></span> <span class='ocrx_word' id='word_1_583' title='bbox 2456 4066 2740 4136; x_wconf 82' lang='lat' dir='ltr'><strong>subjectus</strong></span> <span class='ocrx_word' id='word_1_584' title='bbox 2770 4073 2856 4120; x_wconf 90' lang='lat' dir='ltr'><strong>est</strong></span> <span class='ocrx_word' id='word_1_585' title='bbox 2901 4064 3125 4135; x_wconf 66' lang='lat' dir='ltr'><strong>regulas,</strong></span> <span class='ocrx_word' id='word_1_586' title='bbox 3161 4079 3264 4134; x_wconf 91' lang='lat' dir='ltr'><strong>pro</strong></span> <span class='ocrx_word' id='word_1_587' title='bbox 3311 4064 3396 4120; x_wconf 83' lang='lat' dir='ltr'><strong>sui</strong></span> <span class='ocrx_word' id='word_1_588' title='bbox 3423 4073 3542 4118; x_wconf 84' lang='lat' dir='ltr'><strong>tur-</strong></span> 
     </span>
    </p>
   </div>
   <div class='ocr_carea' id='block_1_87' title="bbox 1928 4146 3544 4231">
    <p class='ocr_par' dir='ltr' id='par_1_87' title="bbox 1928 4146 3544 4231">
     <span class='ocr_line' id='line_1_87' title="bbox 1928 4146 3544 4231; baseline -0.002 -16"><span class='ocrx_word' id='word_1_589' title='bbox 1928 4146 2167 4231; x_wconf 73' lang='lat' dir='ltr'><strong>pissimi</strong></span> <span class='ocrx_word' id='word_1_590' title='bbox 2210 4159 2351 4214; x_wconf 91' lang='lat' dir='ltr'><strong>lucri</strong></span> <span class='ocrx_word' id='word_1_591' title='bbox 2387 4157 2718 4214; x_wconf 89' lang='lat' dir='ltr'><strong>commodo:</strong></span> <span class='ocrx_word' id='word_1_592' title='bbox 2775 4157 2822 4212; x_wconf 91' lang='lat' dir='ltr'><strong>is</strong></span> <span class='ocrx_word' id='word_1_593' title='bbox 2866 4173 3030 4228; x_wconf 92' lang='lat' dir='ltr'><strong>quem</strong></span> <span class='ocrx_word' id='word_1_594' title='bbox 3085 4160 3190 4212; x_wconf 83' lang='lat' dir='ltr'><strong>hoc</strong></span> <span class='ocrx_word' id='word_1_595' title='bbox 3238 4165 3544 4214; x_wconf 87' lang='lat' dir='ltr'><strong>attentasse</strong></span> 
     </span>
    </p>
   </div>
   <div class='ocr_carea' id='block_1_88' title="bbox 1955 4249 3546 4324">
    <p class='ocr_par' dir='ltr' id='par_1_88' title="bbox 1955 4249 3546 4324">
     <span class='ocr_line' id='line_1_88' title="bbox 1955 4249 3546 4324; baseline 0.001 -18"><span class='ocrx_word' id='word_1_596' title='bbox 1955 4253 2247 4324; x_wconf 87' lang='lat' dir='ltr'><strong>probatum</strong></span> <span class='ocrx_word' id='word_1_597' title='bbox 2291 4250 2477 4312; x_wconf 88' lang='lat' dir='ltr'><strong>fuerit,</strong></span> <span class='ocrx_word' id='word_1_598' title='bbox 2513 4249 2719 4321; x_wconf 88' lang='lat' dir='ltr'><strong>proprii</strong></span> <span class='ocrx_word' id='word_1_599' title='bbox 2747 4250 2952 4320; x_wconf 82' lang='lat' dir='ltr'><strong>gradus</strong></span> <span class='ocrx_word' id='word_1_600' title='bbox 2991 4250 3240 4319; x_wconf 86' lang='lat' dir='ltr'><strong>periculo</strong></span> <span class='ocrx_word' id='word_1_601' title='bbox 3289 4250 3546 4318; x_wconf 50' lang='lat' dir='ltr'><strong>subjacw</strong></span> 
     </span>
    </p>
   </div>
   <div class='ocr_carea' id='block_1_89' title="bbox 1956 4344 3544 4416">
    <p class='ocr_par' dir='ltr' id='par_1_89' title="bbox 1956 4344 3544 4416">
     <span class='ocr_line' id='line_1_89' title="bbox 1956 4344 3544 4416; baseline 0.002 -15"><span class='ocrx_word' id='word_1_602' title='bbox 1956 4347 2035 4402; x_wconf 89' lang='lat' dir='ltr'><strong>bit</strong></span> <span class='ocrx_word' id='word_1_603' title='bbox 2065 4365 2078 4402; x_wconf 92' lang='lat'><strong>:</strong></span> <span class='ocrx_word' id='word_1_604' title='bbox 2117 4354 2172 4402; x_wconf 89' lang='lat' dir='ltr'><strong>et</strong></span> <span class='ocrx_word' id='word_1_605' title='bbox 2199 4346 2292 4416; x_wconf 85' lang='lat' dir='ltr'><strong>qui</strong></span> <span class='ocrx_word' id='word_1_606' title='bbox 2339 4347 2625 4402; x_wconf 87' lang='lat' dir='ltr'><strong>ordinatus</strong></span> <span class='ocrx_word' id='word_1_607' title='bbox 2673 4353 2780 4408; x_wconf 89' lang='lat' dir='ltr'><strong>est,</strong></span> <span class='ocrx_word' id='word_1_608' title='bbox 2813 4344 2946 4399; x_wconf 88' lang='lat' dir='ltr'><strong>nihil</strong></span> <span class='ocrx_word' id='word_1_609' title='bbox 2971 4359 3036 4399; x_wconf 87' lang='lat' dir='ltr'><strong>ex</strong></span> <span class='ocrx_word' id='word_1_610' title='bbox 3067 4347 3168 4400; x_wconf 84' lang='lat' dir='ltr'><strong>hac</strong></span> <span class='ocrx_word' id='word_1_611' title='bbox 3193 4347 3544 4404; x_wconf 86' lang='lat' dir='ltr'><strong>ordinatione</strong></span> 
     </span>
    </p>
   </div>
   <div class='ocr_carea' id='block_1_90' title="bbox 1955 4436 3544 4510">
    <p class='ocr_par' dir='ltr' id='par_1_90' title="bbox 1955 4436 3544 4510">
     <span class='ocr_line' id='line_1_90' title="bbox 1955 4436 3544 4510; baseline 0 -16"><span class='ocrx_word' id='word_1_612' title='bbox 1955 4449 2050 4494; x_wconf 88' lang='lat' dir='ltr'><strong>aut</strong></span> <span class='ocrx_word' id='word_1_613' title='bbox 2081 4441 2448 4510; x_wconf 86' lang='lat' dir='ltr'><strong>promotione,</strong></span> <span class='ocrx_word' id='word_1_614' title='bbox 2479 4452 2604 4506; x_wconf 80' lang='lat' dir='ltr'><strong>quae</strong></span> <span class='ocrx_word' id='word_1_615' title='bbox 2655 4451 2750 4506; x_wconf 88' lang='lat' dir='ltr'><strong>per</strong></span> <span class='ocrx_word' id='word_1_616' title='bbox 2776 4436 3209 4508; x_wconf 87' lang='lat' dir='ltr'><strong>negotiationem</strong></span> <span class='ocrx_word' id='word_1_617' title='bbox 3268 4437 3412 4495; x_wconf 88' lang='lat' dir='ltr'><strong>facta</strong></span> <span class='ocrx_word' id='word_1_618' title='bbox 3437 4451 3544 4503; x_wconf 89' lang='lat' dir='ltr'><strong>est,</strong></span> 
     </span>
    </p>
   </div>
   <div class='ocr_carea' id='block_1_91' title="bbox 264 4521 1851 4614">
    <p class='ocr_par' dir='ltr' id='par_1_91' title="bbox 264 4521 1850 4602">
     <span class='ocr_line' id='line_1_91' title="bbox 264 4521 1850 4602; baseline -0.007 -16"><span class='ocrx_word' id='word_1_619' title='bbox 264 4531 548 4602; x_wconf 83' lang='grc' dir='ltr'>χρήμασιν</span> <span class='ocrx_word' id='word_1_620' title='bbox 597 4527 808 4598; x_wconf 75' lang='grc' dir='ltr'>ἔτυχεν,</span> <span class='ocrx_word' id='word_1_621' title='bbox 840 4527 888 4579; x_wconf 88' lang='grc' dir='ltr'><strong>εἰ</strong></span> <span class='ocrx_word' id='word_1_622' title='bbox 920 4525 978 4577; x_wconf 75' lang='grc' dir='ltr'>δέ</span> <span class='ocrx_word' id='word_1_623' title='bbox 1007 4543 1093 4589; x_wconf 73' lang='grc' dir='ltr'>τις</span> <span class='ocrx_word' id='word_1_624' title='bbox 1137 4527 1234 4579; x_wconf 69' lang='grc' dir='ltr'><strong>καὶ</strong></span> <span class='ocrx_word' id='word_1_625' title='bbox 1287 4521 1588 4595; x_wconf 87' lang='grc' dir='ltr'>μεσιτεύων</span> <span class='ocrx_word' id='word_1_626' title='bbox 1655 4523 1850 4593; x_wconf 87' lang='grc' dir='ltr'>φανείη</span> 
     </span>
    </p>
   </div>
   <div class='ocr_carea' id='block_1_92' title="bbox 1959 4521 3543 4614">
    <p class='ocr_par' dir='ltr' id='par_1_92' title="bbox 1959 4529 3543 4604">
     <span class='ocr_line' id='line_1_92' title="bbox 1959 4529 3543 4604; baseline 0.001 -19"><span class='ocrx_word' id='word_1_627' title='bbox 1959 4533 2235 4604; x_wconf 84' lang='lat' dir='ltr'><strong>proﬁciat,</strong></span> <span class='ocrx_word' id='word_1_628' title='bbox 2277 4531 2375 4586; x_wconf 91' lang='lat' dir='ltr'><strong>sed</strong></span> <span class='ocrx_word' id='word_1_629' title='bbox 2407 4530 2484 4586; x_wconf 91' lang='lat' dir='ltr'><strong>sit</strong></span> <span class='ocrx_word' id='word_1_630' title='bbox 2511 4529 2730 4584; x_wconf 89' lang='lat' dir='ltr'><strong>alienus</strong></span> <span class='ocrx_word' id='word_1_631' title='bbox 2779 4544 2844 4584; x_wconf 90' lang='lat' dir='ltr'><strong>ea</strong></span> <span class='ocrx_word' id='word_1_632' title='bbox 2872 4530 3141 4600; x_wconf 83' lang='lat' dir='ltr'><strong>dignitate</strong></span> <span class='ocrx_word' id='word_1_633' title='bbox 3187 4538 3242 4586; x_wconf 93' lang='lat' dir='ltr'><strong>et</strong></span> <span class='ocrx_word' id='word_1_634' title='bbox 3275 4532 3543 4588; x_wconf 82' lang='lat' dir='ltr'><strong>sollicitu-</strong></span> 
     </span>
    </p>
   </div>
   <div class='ocr_carea' id='block_1_93' title="bbox 262 4609 1851 4697">
    <p class='ocr_par' dir='ltr' id='par_1_93' title="bbox 262 4609 1846 4689">
     <span class='ocr_line' id='line_1_93' title="bbox 262 4609 1846 4689; baseline -0.003 -16"><span class='ocrx_word' id='word_1_635' title='bbox 262 4624 376 4685; x_wconf 81' lang='grc' dir='ltr'>τοῖς</span> <span class='ocrx_word' id='word_1_636' title='bbox 405 4619 579 4684; x_wconf 78' lang='grc' dir='ltr'>οὕτως</span> <span class='ocrx_word' id='word_1_637' title='bbox 609 4621 856 4689; x_wconf 85' lang='grc' dir='ltr'>αἰσχροῖς</span> <span class='ocrx_word' id='word_1_638' title='bbox 888 4618 984 4671; x_wconf 75' lang='grc' dir='ltr'>καὶ</span> <span class='ocrx_word' id='word_1_639' title='bbox 1015 4616 1299 4687; x_wconf 77' lang='grc' dir='ltr'>ἀθεμίτοις</span> <span class='ocrx_word' id='word_1_640' title='bbox 1330 4617 1392 4685; x_wconf 81' lang='grc' dir='ltr'>λή</span> <span class='ocrx_word' id='word_1_641' title='bbox 1405 4631 1602 4685; x_wconf 84' lang='grc' dir='ltr'>μμασι,</span> <span class='ocrx_word' id='word_1_642' title='bbox 1627 4616 1724 4668; x_wconf 72' lang='grc' dir='ltr'><strong>καὶ</strong></span> <span class='ocrx_word' id='word_1_643' title='bbox 1753 4609 1846 4669; x_wconf 76' lang='grc' dir='ltr'><strong>οὗ-</strong></span> 
     </span>
    </p>
   </div>
   <div class='ocr_carea' id='block_1_94' title="bbox 1959 4609 3540 4697">
    <p class='ocr_par' dir='ltr' id='par_1_94' title="bbox 1959 4622 3540 4697">
     <span class='ocr_line' id='line_1_94' title="bbox 1959 4622 3540 4697; baseline -0.001 -15"><span class='ocrx_word' id='word_1_644' title='bbox 1959 4629 2094 4690; x_wconf 80' lang='lat' dir='ltr'><strong>line,</strong></span> <span class='ocrx_word' id='word_1_645' title='bbox 2122 4623 2572 4697; x_wconf 87' lang='lat' dir='ltr'><strong>quam_peeuniis</strong></span> <span class='ocrx_word' id='word_1_646' title='bbox 2606 4623 2881 4692; x_wconf 74' lang='lat' dir='ltr'><strong>quaesivit.</strong></span> <span class='ocrx_word' id='word_1_647' title='bbox 2907 4622 2964 4677; x_wconf 90' lang='lat' dir='ltr'><strong>Si</strong></span> <span class='ocrx_word' id='word_1_648' title='bbox 2983 4624 3106 4694; x_wconf 86' lang='lat' dir='ltr'><strong>quis</strong></span> <span class='ocrx_word' id='word_1_649' title='bbox 3126 4639 3254 4678; x_wconf 85' lang='lat' dir='ltr'><strong>vero</strong></span> <span class='ocrx_word' id='word_1_650' title='bbox 3272 4624 3540 4680; x_wconf 81' lang='lat' dir='ltr'><strong>mediator</strong></span> 
     </span>
    </p>
   </div>
   <div class='ocr_carea' id='block_1_95' title="bbox 263 4705 1851 4798">
    <p class='ocr_par' dir='ltr' id='par_1_95' title="bbox 263 4705 1848 4782">
     <span class='ocr_line' id='line_1_95' title="bbox 263 4705 1848 4782; baseline -0.004 -16"><span class='ocrx_word' id='word_1_651' title='bbox 263 4730 354 4776; x_wconf 89' lang='grc' dir='ltr'><strong>τος</strong></span> <span class='ocrx_word' id='word_1_652' title='bbox 379 4714 428 4765; x_wconf 83' lang='grc' dir='ltr'><strong>εί</strong></span> <span class='ocrx_word' id='word_1_653' title='bbox 477 4712 576 4782; x_wconf 87' lang='grc' dir='ltr'>μὲν</span> <span class='ocrx_word' id='word_1_654' title='bbox 615 4709 878 4782; x_wconf 85' lang='grc' dir='ltr'>κληρικὺς</span> <span class='ocrx_word' id='word_1_655' title='bbox 931 4711 1060 4780; x_wconf 75' lang='grc' dir='ltr'>εἴη,</span> <span class='ocrx_word' id='word_1_656' title='bbox 1122 4706 1216 4761; x_wconf 84' lang='grc' dir='ltr'>τοῦ</span> <span class='ocrx_word' id='word_1_657' title='bbox 1261 4705 1468 4761; x_wconf 80' lang='grc' dir='ltr'>οἰκείου</span> <span class='ocrx_word' id='word_1_658' title='bbox 1531 4705 1848 4760; x_wconf 78' lang='grc' dir='ltr'>ἐκπιπτέτω</span> 
     </span>
    </p>
   </div>
   <div class='ocr_carea' id='block_1_96' title="bbox 1959 4705 3542 4798">
    <p class='ocr_par' dir='ltr' id='par_1_96' title="bbox 1959 4713 3542 4789">
     <span class='ocr_line' id='line_1_96' title="bbox 1959 4713 3542 4789; baseline -0.004 -11"><span class='ocrx_word' id='word_1_659' title='bbox 1959 4736 2057 4778; x_wconf 74' lang='lat' dir='ltr'><strong>Lam</strong></span> <span class='ocrx_word' id='word_1_660' title='bbox 2091 4718 2345 4789; x_wconf 89' lang='lat' dir='ltr'><strong>turpibus</strong></span> <span class='ocrx_word' id='word_1_661' title='bbox 2372 4723 2426 4771; x_wconf 90' lang='lat' dir='ltr'><strong>et</strong></span> <span class='ocrx_word' id='word_1_662' title='bbox 2450 4713 2702 4770; x_wconf 87' lang='lat' dir='ltr'><strong>nefandis</strong></span> <span class='ocrx_word' id='word_1_663' title='bbox 2720 4715 2862 4769; x_wconf 88' lang='lat' dir='ltr'><strong>datis</strong></span> <span class='ocrx_word' id='word_1_664' title='bbox 2886 4715 2971 4768; x_wconf 88' lang='lat' dir='ltr'><strong>vel</strong></span> <span class='ocrx_word' id='word_1_665' title='bbox 2987 4715 3226 4784; x_wconf 88' lang='lat' dir='ltr'><strong>acceptis</strong></span> <span class='ocrx_word' id='word_1_666' title='bbox 3246 4717 3542 4784; x_wconf 81' lang='lat' dir='ltr'><strong>exstiterit,</strong></span> 
     </span>
    </p>
   </div>
   <div class='ocr_carea' id='block_1_97' title="bbox 265 4797 1850 4875">
    <p class='ocr_par' dir='ltr' id='par_1_97' title="bbox 265 4797 1850 4875">
     <span class='ocr_line' id='line_1_97' title="bbox 265 4797 1850 4875; baseline -0.004 -18"><span class='ocrx_word' id='word_1_667' title='bbox 265 4803 523 4875; x_wconf 78' lang='grc' dir='ltr'>βαθμοῦο</span> <span class='ocrx_word' id='word_1_668' title='bbox 563 4805 614 4856; x_wconf 88' lang='grc' dir='ltr'><strong>εἰ</strong></span> <span class='ocrx_word' id='word_1_669' title='bbox 671 4801 728 4856; x_wconf 78' lang='grc' dir='ltr'><strong>δὲ</strong></span> <span class='ocrx_word' id='word_1_670' title='bbox 767 4802 953 4865; x_wconf 82' lang='grc' dir='ltr'>λαῖκὸς</span> <span class='ocrx_word' id='word_1_671' title='bbox 1005 4800 1039 4872; x_wconf 76' lang='grc' dir='ltr'>ἢ</span> <span class='ocrx_word' id='word_1_672' title='bbox 1099 4799 1388 4870; x_wconf 80' lang='grc' dir='ltr'>μονάζων,</span> <span class='ocrx_word' id='word_1_673' title='bbox 1450 4797 1850 4869; x_wconf 75' lang='grc' dir='ltr'>ἁναθεματιξὲ-</span> 
     </span>
    </p>
   </div>
   <div class='ocr_carea' id='block_1_98' title="bbox 267 4896 1736 4976">
    <p class='ocr_par' dir='ltr' id='par_1_98' title="bbox 267 4896 1736 4976">
     <span class='ocr_line' id='line_1_98' title="bbox 267 4896 1736 4976; baseline 0.003 -28"><span class='ocrx_word' id='word_1_674' title='bbox 267 4896 404 4954; x_wconf 83' lang='grc' dir='ltr'>σθω.</span> <span class='ocrx_word' id='word_1_675' title='bbox 1730 4969 1736 4976; x_wconf 85' lang='lat'><strong>_</strong></span> 
     </span>
    </p>
   </div>
   <div class='ocr_carea' id='block_1_99' title="bbox 277 4986 1852 5078">
    <p class='ocr_par' dir='ltr' id='par_1_99' title="bbox 277 4986 1852 5078">
     <span class='ocr_line' id='line_1_99' title="bbox 277 4986 1852 5078; baseline 0.001 -15"><span class='ocrx_word' id='word_1_676' title='bbox 277 5005 381 5063; x_wconf 79' lang='grc' dir='ltr'>Ἐκ</span> <span class='ocrx_word' id='word_1_677' title='bbox 414 5009 528 5077; x_wconf 82' lang='grc' dir='ltr'><strong>τῆς</strong></span> <span class='ocrx_word' id='word_1_678' title='bbox 571 4986 900 5078; x_wconf 73' lang='grc' dir='ltr'>ἐγκυκλίου</span> <span class='ocrx_word' id='word_1_679' title='bbox 937 5008 1267 5077; x_wconf 76' lang='grc' dir='ltr'>ἐπιστολῆς</span> <span class='ocrx_word' id='word_1_680' title='bbox 1282 5011 1620 5065; x_wconf 83' lang='grc' dir='ltr'>Γενναδιόυ</span> <span class='ocrx_word' id='word_1_681' title='bbox 1641 5011 1748 5066; x_wconf 83' lang='grc' dir='ltr'>τοῦ</span> <span class='ocrx_word' id='word_1_682' title='bbox 1787 5011 1852 5064; x_wconf 79' lang='grc' dir='ltr'>ἀ-</span> 
     </span>
    </p>
   </div>
   <div class='ocr_carea' id='block_1_100' title="bbox 336 5081 1853 5148">
    <p class='ocr_par' dir='ltr' id='par_1_100' title="bbox 336 5081 1853 5148">
     <span class='ocr_line' id='line_1_100' title="bbox 336 5081 1853 5148; baseline 0.001 -14"><span class='ocrx_word' id='word_1_683' title='bbox 336 5081 626 5148; x_wconf 74' lang='grc' dir='ltr'>τιωτὰτου</span> <span class='ocrx_word' id='word_1_684' title='bbox 711 5082 786 5148; x_wconf 81' lang='grc' dir='ltr'><strong>ἀρ</strong></span> <span class='ocrx_word' id='word_1_685' title='bbox 791 5099 826 5148; x_wconf 84' lang='grc' dir='ltr'><strong>χ</strong></span> <span class='ocrx_word' id='word_1_686' title='bbox 835 5082 1196 5134; x_wconf 78' lang='grc' dir='ltr'>ιεπισκόπου</span> <span class='ocrx_word' id='word_1_687' title='bbox 1279 5083 1853 5136; x_wconf 83' lang='grc' dir='ltr'>Κωνσταντινουπό-</span> 
     </span>
    </p>
   </div>
   <div class='ocr_carea' id='block_1_101' title="bbox 335 5151 1455 5217">
    <p class='ocr_par' dir='ltr' id='par_1_101' title="bbox 335 5151 1455 5217">
     <span class='ocr_line' id='line_1_101' title="bbox 335 5151 1455 5217; baseline 0.001 -14"><span class='ocrx_word' id='word_1_688' title='bbox 335 5156 512 5214; x_wconf 82' lang='grc' dir='ltr'>λεως,</span> <span class='ocrx_word' id='word_1_689' title='bbox 546 5151 646 5204; x_wconf 82' lang='grc' dir='ltr'><strong>καί</strong></span> <span class='ocrx_word' id='word_1_690' title='bbox 683 5151 792 5217; x_wconf 84' lang='grc' dir='ltr'><strong>τῆς</strong></span> <span class='ocrx_word' id='word_1_691' title='bbox 821 5151 944 5204; x_wconf 84' lang='grc' dir='ltr'>σὺν</span> <span class='ocrx_word' id='word_1_692' title='bbox 970 5151 1134 5214; x_wconf 85' lang='grc' dir='ltr'>αὐτῷ</span> <span class='ocrx_word' id='word_1_693' title='bbox 1163 5151 1455 5205; x_wconf 84' lang='grc' dir='ltr'>συνόδου.</span> 
     </span>
    </p>
   </div>
   <div class='ocr_carea' id='block_1_102' title="bbox 280 5243 1856 5322">
    <p class='ocr_par' dir='ltr' id='par_1_102' title="bbox 280 5243 1856 5322">
     <span class='ocr_line' id='line_1_102' title="bbox 280 5243 1856 5322; baseline 0.001 -26"><span class='ocrx_word' id='word_1_694' title='bbox 280 5312 291 5322; x_wconf 39' lang='lat'><em>.</em></span> <span class='ocrx_word' id='word_1_695' title='bbox 339 5244 527 5296; x_wconf 83' lang='grc' dir='ltr'>Ἔστω</span> <span class='ocrx_word' id='word_1_696' title='bbox 561 5243 742 5297; x_wconf 87' lang='grc' dir='ltr'>τοίνυν</span> <span class='ocrx_word' id='word_1_697' title='bbox 771 5245 866 5296; x_wconf 60' lang='grc' dir='ltr'><strong>καλ⁹</strong></span> <span class='ocrx_word' id='word_1_698' title='bbox 890 5243 1040 5296; x_wconf 75' lang='grc' dir='ltr'>ἐστιν</span> <span class='ocrx_word' id='word_1_699' title='bbox 1100 5245 1508 5316; x_wconf 80' lang='grc' dir='ltr'>ἀποκήρυκτος,</span> <span class='ocrx_word' id='word_1_700' title='bbox 1545 5244 1643 5298; x_wconf 71' lang='grc' dir='ltr'><strong>καὶ</strong></span> <span class='ocrx_word' id='word_1_701' title='bbox 1675 5244 1856 5317; x_wconf 80' lang='grc' dir='ltr'>πάσης</span> 
     </span>
    </p>
   </div>
   <div class='ocr_carea' id='block_1_103' title="bbox 266 5335 1852 5408">
    <p class='ocr_par' dir='ltr' id='par_1_103' title="bbox 266 5335 1852 5408">
     <span class='ocr_line' id='line_1_103' title="bbox 266 5335 1852 5408; baseline 0.001 -20"><span class='ocrx_word' id='word_1_702' title='bbox 266 5337 551 5406; x_wconf 80' lang='grc' dir='ltr'>ἱερατικῆς</span> <span class='ocrx_word' id='word_1_703' title='bbox 578 5335 736 5400; x_wconf 80' lang='grc' dir='ltr'>ἀξίας</span> <span class='ocrx_word' id='word_1_704' title='bbox 762 5353 821 5390; x_wconf 82' lang='grc' dir='ltr'><strong>τε</strong></span> <span class='ocrx_word' id='word_1_705' title='bbox 853 5337 948 5389; x_wconf 77' lang='grc' dir='ltr'>καὶ</span> <span class='ocrx_word' id='word_1_706' title='bbox 971 5336 1318 5407; x_wconf 82' lang='grc' dir='ltr'>λειτουργίας</span> <span class='ocrx_word' id='word_1_707' title='bbox 1341 5335 1647 5406; x_wconf 85' lang='grc' dir='ltr'>ἀλλότριος,</span> <span class='ocrx_word' id='word_1_708' title='bbox 1671 5337 1767 5390; x_wconf 69' lang='grc' dir='ltr'><strong>καὶ</strong></span> <span class='ocrx_word' id='word_1_709' title='bbox 1786 5340 1852 5408; x_wconf 79' lang='grc' dir='ltr'>τῇ</span> 
     </span>
    </p>
   </div>
   <div class='ocr_carea' id='block_1_104' title="bbox 263 5428 1850 5502">
    <p class='ocr_par' dir='ltr' id='par_1_104' title="bbox 263 5428 1850 5502">
     <span class='ocr_line' id='line_1_104' title="bbox 263 5428 1850 5502; baseline 0.001 -20"><span class='ocrx_word' id='word_1_710' title='bbox 263 5430 486 5502; x_wconf 73' lang='grc' dir='ltr'>κατάρα</span> <span class='ocrx_word' id='word_1_711' title='bbox 543 5430 638 5482; x_wconf 81' lang='grc' dir='ltr'><strong>τοῦ</strong></span> <span class='ocrx_word' id='word_1_712' title='bbox 685 5428 1026 5499; x_wconf 82' lang='grc' dir='ltr'>ἁναθέματος</span> <span class='ocrx_word' id='word_1_713' title='bbox 1060 5430 1446 5501; x_wconf 85' lang='grc' dir='ltr'>ὑποκείμενος,</span> <span class='ocrx_word' id='word_1_714' title='bbox 1471 5431 1499 5484; x_wconf 84' lang='grc' dir='ltr'>ὃ</span> <span class='ocrx_word' id='word_1_715' title='bbox 1527 5447 1588 5483; x_wconf 92' lang='grc' dir='ltr'><strong>τε</strong></span> <span class='ocrx_word' id='word_1_716' title='bbox 1615 5430 1850 5485; x_wconf 78' lang='grc' dir='ltr'>κτᾶσθαι</span> 
     </span>
    </p>
   </div>
   <div class='ocr_carea' id='block_1_105' title="bbox 263 5521 1854 5595">
    <p class='ocr_par' dir='ltr' id='par_1_105' title="bbox 263 5521 1854 5595">
     <span class='ocr_line' id='line_1_105' title="bbox 263 5521 1854 5595; baseline 0.002 -20"><span class='ocrx_word' id='word_1_717' title='bbox 263 5522 474 5593; x_wconf 87' lang='grc' dir='ltr'>ταύτην</span> <span class='ocrx_word' id='word_1_718' title='bbox 505 5524 602 5594; x_wconf 77' lang='grc' dir='ltr'><strong>τὴν</strong></span> <span class='ocrx_word' id='word_1_719' title='bbox 658 5521 962 5592; x_wconf 83' lang='grc' dir='ltr'>ἱερωσύνην</span> <span class='ocrx_word' id='word_1_720' title='bbox 1014 5523 1103 5576; x_wconf 76' lang='grc' dir='ltr'>διὰ</span> <span class='ocrx_word' id='word_1_721' title='bbox 1130 5523 1432 5595; x_wconf 83' lang='grc' dir='ltr'>χρημάτων</span> <span class='ocrx_word' id='word_1_722' title='bbox 1449 5524 1720 5588; x_wconf 86' lang='grc' dir='ltr'>οἰόμενος,</span> <span class='ocrx_word' id='word_1_723' title='bbox 1757 5525 1854 5580; x_wconf 73' lang='grc' dir='ltr'><strong>καὶ</strong></span> 
     </span>
    </p>
   </div>
   <div class='ocr_carea' id='block_1_106' title="bbox 261 5614 1850 5687">
    <p class='ocr_par' dir='ltr' id='par_1_106' title="bbox 261 5614 1850 5687">
     <span class='ocr_line' id='line_1_106' title="bbox 261 5614 1850 5687; baseline 0.003 -21"><span class='ocrx_word' id='word_1_724' title='bbox 261 5614 292 5666; x_wconf 82' lang='grc' dir='ltr'><strong>ὁ</strong></span> <span class='ocrx_word' id='word_1_725' title='bbox 321 5615 531 5686; x_wconf 87' lang='grc' dir='ltr'>ταύτην</span> <span class='ocrx_word' id='word_1_726' title='bbox 579 5615 845 5684; x_wconf 81' lang='grc' dir='ltr'>παρέχειν</span> <span class='ocrx_word' id='word_1_727' title='bbox 902 5615 996 5668; x_wconf 83' lang='grc' dir='ltr'>ὲπί</span> <span class='ocrx_word' id='word_1_728' title='bbox 1043 5617 1326 5685; x_wconf 79' lang='grc' dir='ltr'>χρήμασιν</span> <span class='ocrx_word' id='word_1_729' title='bbox 1370 5615 1803 5687; x_wconf 82' lang='grc' dir='ltr'>ὑπισχνούμενος</span> <span class='ocrx_word' id='word_1_730' title='bbox 1834 5657 1850 5680; x_wconf 95' lang='grc'><strong>,</strong></span> 
     </span>
    </p>
   </div>
   <div class='ocr_carea' id='block_1_107' title="bbox 264 5707 1856 5782">
    <p class='ocr_par' dir='ltr' id='par_1_107' title="bbox 264 5707 1856 5782">
     <span class='ocr_line' id='line_1_107' title="bbox 264 5707 1856 5782; baseline 0.001 -20"><span class='ocrx_word' id='word_1_731' title='bbox 264 5707 376 5762; x_wconf 79' lang='grc' dir='ltr'>εἴτε</span> <span class='ocrx_word' id='word_1_732' title='bbox 405 5708 686 5782; x_wconf 80' lang='grc' dir='ltr'>κληρικδς,</span> <span class='ocrx_word' id='word_1_733' title='bbox 724 5707 834 5760; x_wconf 81' lang='grc' dir='ltr'>εἴτε</span> <span class='ocrx_word' id='word_1_734' title='bbox 867 5707 1054 5772; x_wconf 75' lang='grc' dir='ltr'>λαῖκὸς</span> <span class='ocrx_word' id='word_1_735' title='bbox 1089 5709 1172 5779; x_wconf 82' lang='grc' dir='ltr'><strong>εἴη</strong></span> <span class='ocrx_word' id='word_1_736' title='bbox 1201 5725 1214 5738; x_wconf 90' lang='grc'><strong>·</strong></span> <span class='ocrx_word' id='word_1_737' title='bbox 1251 5707 1354 5762; x_wconf 75' lang='grc' dir='ltr'>κᾶν</span> <span class='ocrx_word' id='word_1_738' title='bbox 1414 5707 1725 5779; x_wconf 67' lang='grc' dir='ltr'>ἐλέγχοιτο,</span> <span class='ocrx_word' id='word_1_739' title='bbox 1751 5709 1856 5765; x_wconf 82' lang='grc' dir='ltr'>κᾶν</span> 
     </span>
    </p>
   </div>
   <div class='ocr_carea' id='block_1_108' title="bbox 342 5859 1072 5922">
    <p class='ocr_par' dir='ltr' id='par_1_108' title="bbox 342 5859 1072 5922">
     <span class='ocr_line' id='line_1_108' title="bbox 342 5859 1072 5922; baseline -0.007 -8"><span class='ocrx_word' id='word_1_740' title='bbox 342 5863 383 5894; x_wconf 76' lang='grc'><strong>⁸⁸</strong></span> <span class='ocrx_word' id='word_1_741' title='bbox 421 5861 581 5914; x_wconf 66' lang='lat' dir='ltr'><strong>Muli.</strong></span> <span class='ocrx_word' id='word_1_742' title='bbox 624 5876 704 5922; x_wconf 86' lang='lat' dir='ltr'><strong>Ill,</strong></span> <span class='ocrx_word' id='word_1_743' title='bbox 747 5859 834 5910; x_wconf 83' lang='grc' dir='ltr'><strong>Η.</strong></span> <span class='ocrx_word' id='word_1_744' title='bbox 1068 5916 1072 5921; x_wconf 46' lang='grc'><strong>,</strong></span> 
     </span>
    </p>
   </div>
   <div class='ocr_carea' id='block_1_109' title="bbox 558 5957 1282 6019">
    <p class='ocr_par' dir='ltr' id='par_1_109' title="bbox 558 5957 1282 6019">
     <span class='ocr_line' id='line_1_109' title="bbox 558 5957 1282 6019; baseline 0.001 -6"><span class='ocrx_word' id='word_1_745' title='bbox 558 5959 834 6017; x_wconf 72' lang='grc' dir='ltr'>ΡΑτιιοι.</span> <span class='ocrx_word' id='word_1_746' title='bbox 870 5957 1282 6019; x_wconf 78' lang='lat' dir='ltr'><strong>Gn.XC\&#39;lIl.</strong></span> 
     </span>
    </p>
   </div>
   <div class='ocr_carea' id='block_1_110' title="bbox 1947 4798 3542 4882">
    <p class='ocr_par' dir='ltr' id='par_1_110' title="bbox 1947 4798 3542 4882">
     <span class='ocr_line' id='line_1_110' title="bbox 1947 4798 3542 4882; baseline -0.003 -12"><span class='ocrx_word' id='word_1_747' title='bbox 1947 4817 1992 4870; x_wconf 88' lang='lat' dir='ltr'><strong>si</strong></span> <span class='ocrx_word' id='word_1_748' title='bbox 2019 4809 2238 4882; x_wconf 76' lang='lat' dir='ltr'><strong>quidem</strong></span> <span class='ocrx_word' id='word_1_749' title='bbox 2277 4798 2510 4863; x_wconf 86' lang='lat' dir='ltr'><strong>clericus</strong></span> <span class='ocrx_word' id='word_1_750' title='bbox 2556 4805 2741 4871; x_wconf 84' lang='lat' dir='ltr'><strong>fuerit,</strong></span> <span class='ocrx_word' id='word_1_751' title='bbox 2763 4806 2984 4875; x_wconf 89' lang='lat' dir='ltr'><strong>proprio</strong></span> <span class='ocrx_word' id='word_1_752' title='bbox 3035 4808 3201 4878; x_wconf 85' lang='lat' dir='ltr'><strong>gradu</strong></span> <span class='ocrx_word' id='word_1_753' title='bbox 3230 4807 3470 4876; x_wconf 90' lang='lat' dir='ltr'><strong>decidat,</strong></span> <span class='ocrx_word' id='word_1_754' title='bbox 3497 4813 3542 4866; x_wconf 90' lang='lat' dir='ltr'><strong>si</strong></span> 
     </span>
    </p>
   </div>
   <div class='ocr_carea' id='block_1_111' title="bbox 1949 4897 3339 4980">
    <p class='ocr_par' dir='ltr' id='par_1_111' title="bbox 1949 4897 3339 4980">
     <span class='ocr_line' id='line_1_111' title="bbox 1949 4897 3339 4980; baseline -0.002 -22"><span class='ocrx_word' id='word_1_755' title='bbox 1949 4920 2079 4960; x_wconf 87' lang='lat' dir='ltr'><strong>vero</strong></span> <span class='ocrx_word' id='word_1_756' title='bbox 2123 4901 2298 4980; x_wconf 84' lang='lat' dir='ltr'><strong>laicus</strong></span> <span class='ocrx_word' id='word_1_757' title='bbox 2328 4907 2424 4954; x_wconf 88' lang='lat' dir='ltr'><strong>aut</strong></span> <span class='ocrx_word' id='word_1_758' title='bbox 2464 4898 2791 4960; x_wconf 89' lang='lat' dir='ltr'><strong>monachus,</strong></span> <span class='ocrx_word' id='word_1_759' title='bbox 2826 4897 3339 4956; x_wconf 85' lang='lat' dir='ltr'><strong>auathematizetur.</strong></span> 
     </span>
    </p>
   </div>
   <div class='ocr_carea' id='block_1_112' title="bbox 1958 5008 3540 5089">
    <p class='ocr_par' dir='ltr' id='par_1_112' title="bbox 1958 5008 3540 5089">
     <span class='ocr_line' id='line_1_112' title="bbox 1958 5008 3540 5089; baseline 0.003 -23"><span class='ocrx_word' id='word_1_760' title='bbox 1958 5008 2043 5073; x_wconf 72' lang='lat' dir='ltr'><strong>Ea:</strong></span> <span class='ocrx_word' id='word_1_761' title='bbox 2106 5012 2660 5089; x_wconf 69' lang='lat' dir='ltr'><strong>synodico_epistolo</strong></span> <span class='ocrx_word' id='word_1_762' title='bbox 2721 5009 2986 5089; x_wconf 71' lang='lat' dir='ltr'><strong>Gennadii</strong></span> <span class='ocrx_word' id='word_1_763' title='bbox 3057 5015 3389 5089; x_wconf 69' lang='lat' dir='ltr'><strong>sanctissimi</strong></span> <span class='ocrx_word' id='word_1_764' title='bbox 3449 5035 3540 5070; x_wconf 82' lang='lat' dir='ltr'><strong>ar-</strong></span> 
     </span>
    </p>
   </div>
   <div class='ocr_carea' id='block_1_113' title="bbox 2027 5082 3540 5157">
    <p class='ocr_par' dir='ltr' id='par_1_113' title="bbox 2027 5082 3540 5157">
     <span class='ocr_line' id='line_1_113' title="bbox 2027 5082 3540 5157; baseline -0.002 -14"><span class='ocrx_word' id='word_1_765' title='bbox 2027 5082 2346 5157; x_wconf 55' lang='lat' dir='ltr'><strong>chiepiscopi</strong></span> <span class='ocrx_word' id='word_1_766' title='bbox 2375 5082 2943 5154; x_wconf 79' lang='lat' dir='ltr'><strong>Constantinopoleos,</strong></span> <span class='ocrx_word' id='word_1_767' title='bbox 2976 5092 3027 5137; x_wconf 86' lang='lat' dir='ltr'><strong>et</strong></span> <span class='ocrx_word' id='word_1_768' title='bbox 3055 5087 3246 5154; x_wconf 82' lang='lat' dir='ltr'><strong>synodi</strong></span> <span class='ocrx_word' id='word_1_769' title='bbox 3277 5103 3394 5157; x_wconf 79' lang='lat' dir='ltr'><strong>qua:</strong></span> <span class='ocrx_word' id='word_1_770' title='bbox 3424 5103 3540 5140; x_wconf 86' lang='lat' dir='ltr'><strong>cum</strong></span> 
     </span>
    </p>
   </div>
   <div class='ocr_carea' id='block_1_114' title="bbox 2025 5167 2256 5214">
    <p class='ocr_par' dir='ltr' id='par_1_114' title="bbox 2025 5167 2256 5214">
     <span class='ocr_line' id='line_1_114' title="bbox 2025 5167 2256 5214; baseline -0.013 0"><span class='ocrx_word' id='word_1_771' title='bbox 2025 5177 2086 5214; x_wconf 77' lang='grc' dir='ltr'><strong>εο</strong></span> <span class='ocrx_word' id='word_1_772' title='bbox 2120 5167 2256 5212; x_wconf 84' lang='lat' dir='ltr'><strong>erat.</strong></span> 
     </span>
    </p>
   </div>
   <div class='ocr_carea' id='block_1_115' title="bbox 2028 5243 3539 5321">
    <p class='ocr_par' dir='ltr' id='par_1_115' title="bbox 2028 5243 3539 5321">
     <span class='ocr_line' id='line_1_115' title="bbox 2028 5243 3539 5321; baseline -0.003 -15"><span class='ocrx_word' id='word_1_773' title='bbox 2028 5252 2115 5306; x_wconf 88' lang='lat' dir='ltr'><strong>Sit</strong></span> <span class='ocrx_word' id='word_1_774' title='bbox 2146 5251 2419 5321; x_wconf 82' lang='lat' dir='ltr'><strong>igitur,‘et</strong></span> <span class='ocrx_word' id='word_1_775' title='bbox 2466 5257 2552 5304; x_wconf 89' lang='lat' dir='ltr'><strong>est</strong></span> <span class='ocrx_word' id='word_1_776' title='bbox 2585 5243 2856 5318; x_wconf 73' lang='lat' dir='ltr'><strong>abiectus,</strong></span> <span class='ocrx_word' id='word_1_777' title='bbox 2896 5260 2951 5303; x_wconf 83' lang='lat' dir='ltr'><strong>et</strong></span> <span class='ocrx_word' id='word_1_778' title='bbox 2989 5248 3060 5303; x_wconf 89' lang='lat' dir='ltr'><strong>ab</strong></span> <span class='ocrx_word' id='word_1_779' title='bbox 3095 5248 3245 5302; x_wconf 90' lang='lat' dir='ltr'><strong>omni</strong></span> <span class='ocrx_word' id='word_1_780' title='bbox 3286 5250 3539 5303; x_wconf 84' lang='lat' dir='ltr'><strong>sacerdo-</strong></span> 
     </span>
    </p>
   </div>
   <div class='ocr_carea' id='block_1_116' title="bbox 1953 5339 3540 5416">
    <p class='ocr_par' dir='ltr' id='par_1_116' title="bbox 1953 5339 3540 5416">
     <span class='ocr_line' id='line_1_116' title="bbox 1953 5339 3540 5416; baseline -0.003 -16"><span class='ocrx_word' id='word_1_781' title='bbox 1953 5345 2052 5400; x_wconf 86' lang='lat' dir='ltr'><strong>tali</strong></span> <span class='ocrx_word' id='word_1_782' title='bbox 2083 5342 2349 5416; x_wconf 87' lang='lat' dir='ltr'><strong>dignitate</strong></span> <span class='ocrx_word' id='word_1_783' title='bbox 2393 5347 2559 5411; x_wconf 87' lang='lat' dir='ltr'><strong>atque</strong></span> <span class='ocrx_word' id='word_1_784' title='bbox 2590 5341 2768 5396; x_wconf 84' lang='lat' dir='ltr'><strong>oiIicio</strong></span> <span class='ocrx_word' id='word_1_785' title='bbox 2816 5339 3052 5408; x_wconf 88' lang='lat' dir='ltr'><strong>alienus,</strong></span> <span class='ocrx_word' id='word_1_786' title='bbox 3085 5349 3140 5396; x_wconf 90' lang='lat' dir='ltr'><strong>et</strong></span> <span class='ocrx_word' id='word_1_787' title='bbox 3170 5341 3540 5398; x_wconf 88' lang='lat' dir='ltr'><strong>maledictioui</strong></span> 
     </span>
    </p>
   </div>
   <div class='ocr_carea' id='block_1_117' title="bbox 1960 5431 3550 5502">
    <p class='ocr_par' dir='ltr' id='par_1_117' title="bbox 1960 5431 3550 5502">
     <span class='ocr_line' id='line_1_117' title="bbox 1960 5431 3550 5502; baseline -0.002 -13"><span class='ocrx_word' id='word_1_788' title='bbox 1960 5432 2328 5490; x_wconf 86' lang='lat' dir='ltr'><strong>auatbematis</strong></span> <span class='ocrx_word' id='word_1_789' title='bbox 2379 5431 2664 5494; x_wconf 87' lang='lat' dir='ltr'><strong>subditus,</strong></span> <span class='ocrx_word' id='word_1_790' title='bbox 2707 5440 2820 5486; x_wconf 87' lang='lat' dir='ltr'><strong>tam</strong></span> <span class='ocrx_word' id='word_1_791' title='bbox 2855 5433 2949 5500; x_wconf 91' lang='lat' dir='ltr'><strong>qui</strong></span> <span class='ocrx_word' id='word_1_792' title='bbox 2991 5433 3276 5502; x_wconf 88' lang='lat' dir='ltr'><strong>possidere</strong></span> <span class='ocrx_word' id='word_1_793' title='bbox 3312 5434 3415 5488; x_wconf 87' lang='lat' dir='ltr'><strong>hoc</strong></span> <span class='ocrx_word' id='word_1_794' title='bbox 3463 5451 3550 5487; x_wconf 75' lang='lat'><strong>5.:-</strong></span> 
     </span>
    </p>
   </div>
   <div class='ocr_carea' id='block_1_118' title="bbox 1960 5524 3543 5596">
    <p class='ocr_par' dir='ltr' id='par_1_118' title="bbox 1960 5524 3543 5596">
     <span class='ocr_line' id='line_1_118' title="bbox 1960 5524 3543 5596; baseline 0 -13"><span class='ocrx_word' id='word_1_795' title='bbox 1960 5526 2274 5584; x_wconf 89' lang='lat' dir='ltr'><strong>cerdotium</strong></span> <span class='ocrx_word' id='word_1_796' title='bbox 2342 5540 2441 5596; x_wconf 85' lang='lat' dir='ltr'><strong>per</strong></span> <span class='ocrx_word' id='word_1_797' title='bbox 2492 5524 2758 5596; x_wconf 86' lang='lat' dir='ltr'><strong>pecunias</strong></span> <span class='ocrx_word' id='word_1_798' title='bbox 2810 5525 3096 5594; x_wconf 83' lang='lat' dir='ltr'><strong>opinatur,</strong></span> <span class='ocrx_word' id='word_1_799' title='bbox 3154 5541 3317 5596; x_wconf 88' lang='lat' dir='ltr'><strong>quam</strong></span> <span class='ocrx_word' id='word_1_800' title='bbox 3364 5526 3410 5580; x_wconf 91' lang='lat' dir='ltr'><strong>is</strong></span> <span class='ocrx_word' id='word_1_801' title='bbox 3451 5527 3543 5596; x_wconf 78' lang='grc' dir='ltr'><strong>(ιιὶ</strong></span> 
     </span>
    </p>
   </div>
   <div class='ocr_carea' id='block_1_119' title="bbox 1962 5613 3546 5688">
    <p class='ocr_par' dir='ltr' id='par_1_119' title="bbox 1962 5613 3546 5688">
     <span class='ocr_line' id='line_1_119' title="bbox 1962 5613 3546 5688; baseline -0.003 -16"><span class='ocrx_word' id='word_1_802' title='bbox 1962 5615 2212 5688; x_wconf 69' lang='grc' dir='ltr'>ρτωίιετο</span> <span class='ocrx_word' id='word_1_803' title='bbox 2237 5613 2288 5669; x_wconf 92' lang='lat' dir='ltr'><strong>id</strong></span> <span class='ocrx_word' id='word_1_804' title='bbox 2323 5622 2548 5684; x_wconf 89' lang='lat' dir='ltr'><strong>propter</strong></span> <span class='ocrx_word' id='word_1_805' title='bbox 2584 5614 2852 5684; x_wconf 90' lang='lat' dir='ltr'><strong>pecunias</strong></span> <span class='ocrx_word' id='word_1_806' title='bbox 2888 5614 3199 5684; x_wconf 86' lang='lat' dir='ltr'><strong>pollicetur,</strong></span> <span class='ocrx_word' id='word_1_807' title='bbox 3232 5616 3348 5671; x_wconf 85' lang='lat' dir='ltr'><strong>sive</strong></span> <span class='ocrx_word' id='word_1_808' title='bbox 3380 5615 3546 5670; x_wconf 78' lang='lat' dir='ltr'><strong>cleri-</strong></span> 
     </span>
    </p>
   </div>
   <div class='ocr_carea' id='block_1_120' title="bbox 1965 5707 3546 5777">
    <p class='ocr_par' dir='ltr' id='par_1_120' title="bbox 1965 5707 3546 5777">
     <span class='ocr_line' id='line_1_120' title="bbox 1965 5707 3546 5777; baseline -0.001 -11"><span class='ocrx_word' id='word_1_809' title='bbox 1965 5726 2086 5776; x_wconf 88' lang='lat' dir='ltr'><strong>cus,</strong></span> <span class='ocrx_word' id='word_1_810' title='bbox 2117 5709 2233 5766; x_wconf 86' lang='lat' dir='ltr'><strong>sive</strong></span> <span class='ocrx_word' id='word_1_811' title='bbox 2261 5707 2434 5762; x_wconf 83' lang='lat' dir='ltr'><strong>laieus</strong></span> <span class='ocrx_word' id='word_1_812' title='bbox 2467 5707 2538 5762; x_wconf 89' lang='lat' dir='ltr'><strong>sit</strong></span> <span class='ocrx_word' id='word_1_813' title='bbox 2569 5708 2725 5764; x_wconf 87' lang='lat' dir='ltr'><strong>:sive</strong></span> <span class='ocrx_word' id='word_1_814' title='bbox 2745 5709 3055 5777; x_wconf 88' lang='lat' dir='ltr'><strong>convictus,</strong></span> <span class='ocrx_word' id='word_1_815' title='bbox 3082 5709 3197 5765; x_wconf 85' lang='lat' dir='ltr'><strong>sive</strong></span> <span class='ocrx_word' id='word_1_816' title='bbox 3238 5724 3346 5764; x_wconf 92' lang='lat' dir='ltr'><strong>non</strong></span> <span class='ocrx_word' id='word_1_817' title='bbox 3380 5708 3546 5766; x_wconf 86' lang='lat' dir='ltr'><strong>fuerit</strong></span> 
     </span>
    </p>
   </div>
   <div class='ocr_carea' id='block_1_121' title="bbox 3049 5930 3138 6019">
    <p class='ocr_par' dir='ltr' id='par_1_121' title="bbox 3049 5930 3138 6019">
     <span class='ocr_line' id='line_1_121' title="bbox 3049 5930 3138 6019; baseline -0.011 -28"><span class='ocrx_word' id='word_1_818' title='bbox 3049 5930 3138 6019; x_wconf 61' lang='lat' dir='ltr'><strong>te</strong></span> 
     </span>
    </p>
   </div>
  </div>
