4026 6400
413 4259 417 4262 ’
515 4258 624 4312 Deo
678 4257 1048 4312 colendissimo
1081 4255 1126 4288 ⁸³
1191 4257 1553 4313 comminiatro
1612 4255 1828 4311 domino

509 369 637 433 14ῧί

1594 367 1652 428 S.
1697 368 2002 428 T.~\li.-‘itill
2042 366 2549 426 l‘A'l'lll.ARClI-’E
2582 369 2689 428 (ΣΡ.

3639 364 3780 438 1.5732

506 486 793 542 convictus
827 483 930 537 hoc
961 478 1140 534 facere
1171 498 1182 534 :
1215 495 1323 534 non
1360 488 1442 536 est
1484 480 1628 534 enim
1672 481 1932 550 possibile
1969 494 2092 534 con-

2201 477 2275 548 μὴ
2305 477 2578 552 ἐλέγχοιτο
2619 477 2775 531 τοῦτο
2840 481 3033 534 ποιεῖν.
3065 481 3140 534 Οὐ
3197 481 3306 552 γὰρ
3350 478 3461 536 οἷόν
3493 501 3552 537 τε
3585 489 3778 557 copti-.-

507 574 695 630 vcnire
723 571 1188 634 inconvenientia,
1237 586 1415 640 neque
1447 586 1572 625 cum
1607 571 1719 626 Dro
1745 571 2090 626 concordare

509 680 845 732 mammona,
871 665 955 720 vel
985 679 1080 720 cos
1111 665 1205 736 qui
1225 665 1354 719 huic
1377 667 1645 733 serviunt,
1661 666 1867 720 servire
1888 664 1996 720 Deo
2019 665 2088 717 ⁶².

504 760 789 814 Dominica
821 771 904 813 est
939 757 1104 814 etiam
1132 758 1405 814 sententia
1432 759 1683 828 inaequat
1705 757 2092 823 incunctanter

503 851 706 904 asserit
741 864 848 904 non
896 863 1062 919 posse
1097 849 1208 904 Deo
1254 848 1463 904 servire
1485 858 1538 903 et
1562 862 1891 902 mammonae
1913 846 1982 900 ".

505 941 588 995 Ea:
615 941 906 997 canonibus
939 951 1138 995 sancta:
1173 950 1338 1064 sexti:
1379 941 1570 1044 διείποάὶ
1605 941 1790 1010 regula
1836 939 2090 995 vicesima

1140 1028 1296 1064 secnn
1329 1029 1373 1064 .a
1447 1052 1460 1064 .

1140 1028 1373 1066 secunda
1395 1028 1460 1065 ”’.

574 1103 684 1158 Eos
732 1103 824 1174 qui
863 1117 961 1173 per
1005 1103 1269 1172 pecunias
1318 1101 1562 1159 ordinati
1616 1110 1768 1168 sunt,
1819 1101 1934 1159 sive
1971 1102 2091 1172 epi-

502 1198 684 1268 scopi,
733 1197 849 1252 sive
897 1196 1217 1267 quicunque
1259 1195 1470 1261 clerici,
1519 1205 1574 1250 et
1622 1209 1732 1250 non
1783 1193 2090 1250 secundum

508 1288 889 1361 probationem
945 1295 1000 1344 et
1049 1287 1174 1342 vitae
1228 1287 1542 1357 optionem,
1596 1286 1794 1356 deponi
1839 1274 2092 1356 praccipi-

511 1396 681 1436 mus:
720 1384 817 1435 sed
861 1387 913 1434 et
967 1379 1088 1434 illos
1133 1379 1226 1450 qui
1277 1381 1378 1434 hos
1420 1380 1708 1434 ordinasse
1759 1386 2088 1442 noscuntur.

507 1474 812 1528 Audiamus
867 1473 986 1528 haec
1037 1473 1242 1538 omnia,
1303 1471 1636 1544 et_auribus
1697 1471 2089 1542 pcreipiamus,

507 1581 620 1620 non
643 1565 822 1622 solum
870 1565 1072 1620 summi
1105 1564 1420 1619 sacerdotes
1462 1573 1515 1618 et
1547 1563 1865 1619 sacerdotes
1908 1570 1964 1618 et
1997 1563 2091 1633 qui

509 1659 562 1712 in
600 1657 747 1712 clero
795 1666 1286 1720 connumerantur,
1325 1653 1422 1711 sed
1466 1664 1520 1710 et
1547 1669 1740 1732 omnes
1777 1654 1870 1724 qui
1901 1653 2089 1709 orbem

510 1753 830 1808 habitamus
885 1758 1182 1805 terrarum.
1239 1748 1465 1818 Oportet
1511 1747 1658 1802 enim
1715 1746 2090 1802 abundantius

505 1859 612 1900 nos
648 1841 934 1898 intendere
962 1841 1048 1896 bis
1079 1855 1201 1911 quae
1246 1839 1568 1906 audiuntur,
1614 1853 1682 1892 ne
1711 1837 1856 1892 forte
1886 1837 2092 1894 deflua-
2123 1845 2166 1902 Β

508 1953 634 1993 mus
668 1954 682 1992 :
722 1954 742 1988 ι
781 1933 922 2002 Quia
955 1949 1066 1989 non
1104 1931 1562 2004 corruptibilibns
1598 1941 1828 2003 argento
1871 1942 1924 1988 ct
1956 1948 2092 1989 auro

505 2029 774 2098 redempti
808 2042 1000 2084 sumus
1027 2027 1092 2082 de
1115 2041 1254 2081 vana
1286 2035 1474 2080 nostra
1508 2024 1821 2080 traditionis
1850 2036 2094 2096 paternae

507 2119 950 2184 conversatione,
993 2116 1089 2172 sed
1123 2115 1370 2184 pretioso
1413 2115 1680 2185 sanguine
1729 2116 1854 2186 agni
1898 2115 2094 2169 imma-

507 2213 674 2271 culati
719 2220 773 2267 et
819 2207 1243 2266 incontaminati
1275 2205 1406 2262 Jcsu
1459 2207 1667 2262 Christi
1690 2208 1758 2261 ιδ.
1795 2227 1814 2260 ι
1849 2206 1943 2262 Sic
1989 2223 2091 2263 nos

508 2307 726 2368 doceto,
775 2301 860 2355 vir
895 2298 1298 2367 sacratissime,
1351 2299 1508 2370 sequi
1559 2299 1804 2354 divinam
1840 2298 2090 2372 Scriptu-

507 2414 653 2458 ram,
695 2404 750 2452 et
783 2391 1126 2466 evangelica,
1173 2393 1502 2462 apostolica,
1551 2394 1842 2459 canonica,
1891 2404 1943 2449 et
1992 2411 2090 2464 pa-

509 2501 663 2545 terna
704 2496 998 2560 prmcepta.
1029 2485 1336 2542 Obedimus
1371 2487 1518 2541 enim
1545 2486 1727 2541 verbis
1752 2487 1866 2543 oris
1897 2489 2088 2543 vestri.

515 2600 534 2634 ι
573 2579 752 2651 Super
797 2579 1016 2634 excelsa
1058 2578 1394 2643 conscende,
1434 2578 1614 2634 exalta
1661 2577 1717 2632 in
1766 2577 2094 2635 fortitudine

509 2687 702 2744 vocem
740 2681 892 2728 tuam
915 2672 961 2704 “
998 2691 1011 2726 :
1055 2689 1072 2722 ι
1106 2671 1194 2727 abi
1243 2671 1298 2726 in
1333 2671 1646 2734 latitudine,
1693 2671 1930 2743 praedica
1965 2687 2090 2728 cum

510 2767 735 2829 fiducia,
769 2774 830 2821 ut
859 2764 1146 2820 auferatur
1175 2773 1232 2820 et
1272 2765 1328 2820 in
1368 2765 1726 2821 abolitionem
1767 2765 1952 2821 veniat
1989 2765 2092 2820 im-

509 2857 716 2930 positio
759 2869 958 2910 manus
1008 2870 1132 2926 quae
1171 2871 1269 2925 per
1318 2856 1588 2927 pecunias
1649 2855 1756 2911 ﬁt:
1794 2870 2008 2911 necnon
2040 2864 2094 2911 et

511 2948 779 3021 quidquid
835 2949 978 3002 hanc
1025 2957 1250 3018 propter
1289 2947 1602 3014 avaritiam,
1659 2947 1988 3020 iniustitiam
2039 2955 2094 3002 et

511 3040 962 3113 acquisitionem,
1009 3039 1188 3108 turpis
1237 3039 1377 3094 lucri
1427 3037 1602 3112 gratia
1653 3041 1926 3110 sequitur.
1979 3037 2094 3095 Hac

510 3135 660 3189 enim
716 3147 829 3188 una
875 3145 1001 3186 cum
1037 3130 1127 3187 his
1162 3145 1282 3202 quae
1333 3145 1456 3186 cum
1513 3131 1603 3186 illa
1651 3129 2007 3205 conveniunt,
2060 3147 2090 3188 a

489 3227 716 3298 populo
739 3224 1135 3297 .tacquisitionis
1168 3225 1266 3295 qui
1309 3225 1532 3279 nomine
1566 3223 1776 3279 Christi
1811 3231 2086 3295 censetur,

509 3332 564 3376 et
592 3319 763 3392 gratis
823 3327 1160 3375 consecutus
1215 3325 1300 3372 est
1349 3317 1807 3388 redemptionem,
1871 3315 2091 3384 ablata,

511 3413 700 3469 omnia
729 3411 988 3482 contagia
1015 3425 1139 3480 quae
1180 3409 1490 3480 nequitiam
1523 3416 1855 3478 sequuntur,
1885 3409 2092 3463 radici-

513 3515 603 3563 tus
647 3502 1105 3574 amputabuntur,
1146 3509 1201 3556 et
1245 3498 1560 3555 sacerdotes
1609 3509 1669 3554 ut
1703 3499 1889 3568 palma
1932 3497 2095 3554 flore-

511 3597 672 3661 bunt,
704 3593 910 3648 Christi
941 3593 1168 3648 odorem
1220 3591 1308 3646 his
1348 3591 1444 3661 qui
1475 3590 1611 3646 salvi
1641 3589 1784 3646 fiunt
1815 3590 2096 3661 inspirano

512 3698 636 3754 tes,
671 3695 726 3742 et
795 3685 1058 3742 Ecclesia:
1117 3683 1454 3754 triumphale
1497 3697 1722 3755 carmen
1779 3694 2093 3740 canentes:

511 3777 754 3833 Abstulit
779 3775 1049 3831 Dominus
1083 3775 1385 3846 injustitias
1411 3784 1534 3830 tuas
1559 3791 1626 3831 ex
1653 3784 1724 3832 te.
1751 3775 1893 3842 Quin
1916 3784 1972 3832 et
1997 3789 2096 3832 eos

513 3869 608 3940 qui
637 3879 873 3937 carpunt
901 3867 1192 3922 dulcedine
1241 3867 1539 3938 replentes,
1571 3877 1627 3922 et
1656 3867 2096 3938 multiplicantes

516 3961 638 4017 illos
691 3961 746 4014 in
797 3969 941 4014 terra
975 3959 1168 4030 pingui
1193 3958 1262 4024 ν’,
1310 3960 1594 4030 longawaa,
1639 3961 1892 4031 inquam,
1944 3960 2096 4018 illius

515 4055 637 4110 vita:
665 4069 731 4110 ac
767 4051 1204 4124 incorruptibilis
1235 4053 1480 4110 hatredes
1512 4062 1913 4112 monstrantes.

1258 4162 1352 4218 ιγ.

1892 4257 2094 4313 Joanni

585 4328 888 4398 presbytero
915 4335 964 4380 et
1007 4327 1295 4398 Itegnmeno
1327 4343 1418 4398 se}:
1449 4328 1782 4383 anachoreta:
1797 4328 1866 4394 "°,
1915 4327 2093 4384 Tara-

585 4396 696 4470 Ls_ins
746 4397 996 4470 indignus
1038 4397 1316 4470 cpiscopus
1358 4396 1893 4470 Constantinopoleos
1944 4417 2093 4456 novw

587 4467 768 4520 Roma
805 4470 857 4519 in
873 4466 876 4467 ⁷
893 4466 1118 4519 Domino
1143 4467 1393 4520 salutem.

586 4557 688 4625 Qui
741 4574 806 4613 ex
841 4556 1060 4613 liuentis
1093 4557 1270 4612 divini
1310 4559 1550 4630 Spiritus
1581 4560 1864 4632 irrigatus,
1915 4571 1970 4617 et
2014 4563 2097 4617 in-
2129 4553 2176 4610 Ι)

519 4651 822 4722 spiratione
857 4648 1021 4720 hujus
1048 4658 1133 4704 est
1170 4650 1506 4715 illustratus,
1542 4649 1713 4708 David
1751 4653 1846 4708 ille
1889 4654 2102 4709 scilicet

519 4747 660 4800 inter
700 4760 858 4815 rcges
892 4745 1160 4815 propheta
1209 4752 1264 4798 et
1303 4744 1443 4800 inter
1479 4747 1776 4816 prophetas
1827 4763 1944 4813 rex,
1977 4749 2100 4802 lau-

516 4841 655 4894 dans
684 4837 900 4894 dicebat
928 4857 941 4893 :
980 4857 997 4889 ι
1031 4835 1196 4892 Initio
1225 4837 1457 4907 cognovi
1501 4837 1569 4892 de
1603 4837 1938 4893 testimoniis
1965 4838 2097 4906 tuis,

516 4930 777 5000 quoniam
805 4929 880 4992 _in
921 4941 1187 4983 aeternum
1239 4927 1481 4986 fundasti
1519 4945 1582 4985 ea
1605 4929 1672 4984 3°.
1703 4950 1722 4982 ι
1764 4927 1896 4985 Sine
1942 4946 2097 4986 men—

516 5024 674 5078 dacio
701 5025 888 5092 itaque
922 5022 1010 5078 his
1047 5022 1142 5091 qui
1180 5022 1521 5077 intellectum
1557 5022 1781 5090 habent,
1817 5031 1900 5078 est
1933 5023 2098 5094 hym-

517 5117 679 5171 nodia
723 5115 861 5180 lucc,
901 5121 955 5168 et
1003 5116 1159 5168 firma
1204 5115 1292 5170 his
1331 5115 1424 5186 qui
1479 5117 1784 5171 concinunt
1829 5130 1970 5170 eam.
2007 5115 2097 5172 Ait

514 5211 661 5264 enim
703 5209 984 5277 inspector
1027 5207 1122 5262 Dei
1169 5207 1381 5277 Moyses
1410 5208 1478 5264 de
1521 5207 1670 5262 omni
1700 5207 1897 5263 divina:
1943 5209 2096 5264 Scri-

517 5308 687 5364 ptnrac
733 5296 901 5353 aifatu
932 5315 945 5352 :
985 5316 1002 5348 ι
1031 5297 1090 5350 ln
1127 5297 1234 5351 illis
1273 5312 1383 5352 non
1420 5305 1502 5352 est
1539 5296 1760 5362 addere,
1805 5301 1860 5349 et
1892 5295 1960 5350 ab
1991 5295 2096 5350 illis

518 5401 624 5440 non
665 5397 749 5442 est
772 5386 988 5442 auferre
1009 5387 1076 5442 ⁵³.
1112 5407 1132 5439 ι

2199 565 2469 638 ϐασθῆναί
2519 583 2652 620 ποτε
2684 568 2752 622 τὰ
2785 568 3100 640 ἀσύμϐατα,
3163 573 3285 626 οὐδὲ
3343 573 3464 645 Θεῷ
3489 577 3778 650 συμφωνῆ-

2200 675 2290 712 cat
2323 660 2413 711 τὸν
2443 661 2754 730 μαμμωνᾶν
2782 701 2798 726 ,
2838 661 2873 733 ἢ
2897 663 3025 726 τοὺς
3077 663 3256 735 τούτῳ
3293 664 3641 732 δουλεύοντας
3663 666 3778 724 δου-

2197 751 2388 806 λεῦσαι
2417 750 2558 822 Θεῷ.
2583 753 2890 825 Δεσποτικὴ
2917 753 3055 827 αὕτη
3081 755 3231 810 ἐστὶν
3255 757 3529 826 ἀπόφασις
3547 759 3777 830 ἀναμφί⁴⁵

2199 841 2411 908 λεκτος,
2435 841 2496 895 ού
2520 841 2782 897 δύνασθαι
2805 843 2925 916 Θεῷ
2955 845 3230 902 δουλεύειν
3256 847 3353 903 καὶ
3373 851 3675 922 μαμμωνᾷ.

2210 936 2308 990 Ἐκ
2332 934 2453 990 τῶν
2475 937 2758 996 κανόνων
2780 935 2900 1026 τῆς.
2920 939 3098 1074 dri?
3139 938 3323 1009 ἕκτης
3357 941 3646 998 συνόδου
3675 961 3776 998 και

2835 1025 2961 1061 νων
2990 1027 3025 1062 κ
3073 1016 3107 1064 ’.

2835 1016 2961 1061 rd»-
2990 1016 3107 1064 φιβ’.

2213 1158 2217 1162 _
2270 1098 2410 1163 Τοὺς
2437 1098 2525 1154 ἐπὶ
2559 1099 2812 1170 χρήμασι
2841 1101 3378 1171 χειροτονουμένους,
3411 1102 3522 1156 είτε
3551 1103 3780 1158 ἐπισκό-

2199 1209 2354 1256 πους,
2384 1191 2417 1262 ἦ
2440 1192 2794 1265 οἱουσδήποτε
2823 1193 3146 1267 κληρικοὺς,
3169 1194 3264 1248 καὶ
3290 1194 3352 1246 οὺ
3384 1195 3528 1250 κατὰ
3551 1195 3775 1266 δοκιμασ-

2200 1283 2321 1353 σίαν
2347 1283 2444 1337 καὶ
2468 1283 2561 1338 τοῦ
2593 1283 2712 1355 βίου
2739 1285 2974 1357 αἵρεσιν,
3001 1286 3392 1358 καθαιρεῖσθαι
3440 1288 3780 1358 προστάσσο-

2202 1393 2302 1447 μεν
2338 1395 2350 1407 ·
2380 1377 2518 1432 ἀλλὰ
2566 1377 2661 1430 καὶ
2714 1379 2847 1444 τοὺς
2896 1379 3781 1453 χειροτονήσαντας.’Δκούσωμεν

2197 1469 2374 1545 ταῦτα
2399 1469 2596 1536 πάντα,
2627 1470 2722 1526 καὶ
2755 1471 3171 1544 ἐνωτισώμεθα,
3209 1472 3270 1528 ού
3303 1474 3466 1545 μόνον
3508 1474 3782 1546 ἀρχιερεῖς

2199 1563 2295 1616 καὶ
2319 1563 2504 1634 ἱερεῖς,
2537 1563 2631 1617 καὶ
2654 1565 2703 1617 οἱ
2729 1563 2810 1634 τῷ
2831 1565 3021 1636 κλήρῳ
3079 1565 3595 1638 κατηριθμημένοι,
3651 1567 3782 1622 ἀλλὰ

2198 1655 2291 1708 καὶ
2325 1655 2527 1720 πάντες
2551 1656 2600 1709 οί
2631 1656 3021 1721 κατοικοῦντες
3048 1657 3150 1734 τὴν
3181 1659 3538 1730 οἰκουμένην.
3567 1661 3660 1714 Δεῖ
3679 1660 3782 1734 γὰρ

2200 1747 2606 1820 περισσοτέρως
2631 1749 2780 1820 ἡμᾶς
2809 1733 3106 1821 προσέχειν
3134 1753 3251 1815 τοῖς
3289 1751 3636 1820 ἀκουσθεῖσι,
3679 1733 3782 1824 μήζ

2198 1857 2328 1892 ποτε
2398 1841 2814 1914 παραῤῥυῶμεν
2835 1859 2849 1874 °
2886 1861 2905 1894 ι
2930 1843 3054 1896 Ὅτι
3075 1843 3136 1898 ού
3171 1843 3435 1916 φθαρτοῖς
3474 1845 3782 1918 ἀργυρίῳῆ

2195 1931 2407 2002 χρυσίῳ
2459 1933 2851 2004 ἡγοράσθημεν
2883 1935 2950 1989 ἐκ
2981 1935 3081 2008 τῆς
3131 1937 3372 2006 ματαίας
3429 1955 3784 2010 πατροπαρα-

2193 2023 2349 2077 δότου
2379 2025 2751 2096 ἀναστροφῆς,
2777 2025 2914 2080 ἀλλὰ
2959 2027 3130 2097 τιμίῳ
3179 2029 3377 2100 αἵματι
3413 2027 3618 2100 ’Λμνοῦ
3641 2031 3785 2099 ἀμώ-

2196 2134 2298 2186 μου
2321 2117 2417 2171 καὶ
2439 2116 2670 2172 ἀσπίλου
2701 2116 2882 2188 Ἰησοῦ
2907 2118 2952 2171 Χ
2961 2117 3174 2189 ριστοῦ.
3201 2137 3222 2171 ι
3245 2118 3437 2184 Οὕτως
3461 2122 3616 2191 ήμᾷς
3646 2121 3782 2174 δίδα-

2193 2209 2464 2282 ξονίᾶνερ
2493 2211 2778 2284 ἱερώτατε,
2802 2210 3036 2264 ἔπεσθαι
3067 2214 3184 2276 τοῖς
3243 2213 3546 2283 Γραφικοῖς
3567 2214 3663 2266 καὶ
3695 2214 3784 2266 εύ-

2193 2303 2528 2372 αγγελικοῖς,
2569 2305 2976 2371 ἀποστολικοῖς,
3029 2308 3340 2370 κανὸνικοῖς
3366 2322 3425 2359 τε
3459 2306 3560 2359 καὶ
3585 2307 3782 2378 Πατρι-

2193 2395 2309 2457 κοῖς
2341 2392 2792 2464 παραγγέλμασι.
2831 2394 3141 2464 Πειθόμεθα
3171 2395 3282 2468 γὰρ
3305 2399 3418 2462 τοῖς
3449 2397 3663 2468 ῥήμασι
3693 2401 3781 2452 τοῦ

2195 2487 2468 2556 στόματος
2497 2485 2651 2555 ὑμῶν
2681 2502 2694 2516 ·
2737 2505 2757 2538 ι
2809 2486 2934 2541 Ἐπὶ
2959 2487 3068 2542 τῶν
3099 2487 3320 2560 ὑψηλῶν
3347 2489 3609 2562 ἀνάϐηθι,
3641 2490 3781 2562 ὕψω-

2195 2595 2287 2632 σον
2315 2579 2374 2631 ἐν
2416 2577 2565 2650 ἰσχύϊ
2587 2581 2686 2650 τὴν
2714 2579 2902 2652 φωνήν
2961 2597 3058 2634 σου
3089 2598 3103 2612 ·
3141 2600 3160 2632 ι
3195 2581 3498 2653 πορεύθητι
3539 2587 3602 2638 ἐν
3659 2585 3784 2639 πλα-

2191 2670 2382 2742 τυσμῷ
2409 2688 2422 2702 ⁸
2460 2671 2698 2742 κήρυξον
2721 2673 2864 2742 μετὰ
2893 2674 3236 2746 παρρησίας,
3269 2676 3422 2740 ὅπως
3450 2676 3658 2750 ἐξαρθῇ
3697 2682 3781 2733 καὶ

2193 2763 2276 2825 εἰς
2323 2763 2636 2836 ἀφανισμὸν
2691 2764 2986 2837 οίχήσηται
3033 2767 3068 2837 ἡ
3115 2766 3206 2821 διὰ
3254 2768 3564 2842 χρημάτων
3610 2788 3780 2842 χειρο-

2193 2853 2369 2919 θεσία,
2429 2855 2526 2914 καὶ
2549 2855 2660 2911 πᾶν
2702 2857 2808 2910 εῑτι
2855 2855 3032 2931 ταύτῃ
3077 2857 3166 2912 διὰ
3221 2860 3620 2932 φιλαργυρίαν,
3672 2863 3779 2917 ἀδι-

2193 2947 2317 3022 διίαν
2332 2963 2392 3001 τε
2411 2947 2506 3003 καὶ
2523 2948 2798 3020 ἐμπορίαν
2822 2949 3232 3024 αἰσχροκερδῶς
3265 2954 3602 3026 παρέπεται.
3639 2956 3778 3009 Ταύ-

2191 3057 2292 3112 της
2305 3041 2413 3113 γὰρ
2443 3041 2582 3110 μετὰ
2605 3041 2713 3094 τῶν
2747 3042 3176 3114 συστοιχούντων
3201 3045 3343 3118 αύτῇ
3385 3047 3780 3120 ἐξαιρουμένης

2194 3131 2259 3186 ἐκ
2295 3131 2392 3188 τοῦ
2421 3131 2908 3205 περιουσίουλαοῦ,
2931 3134 3024 3188 τοῦ
3057 3134 3136 3206 τῷ
3164 3136 3395 3208 ὀνόματι
3418 3138 3515 3193 τοῦ
3546 3141 3780 3212 Χριστοῦ

2197 3225 2560 3296 κεκλημένου,
2606 3227 2702 3281 καὶ
2754 3226 2966 3298 δωρεὰν
3019 3229 3279 3299 τυχόντος
3317 3231 3422 3301 τῆς
3461 3233 3778 3304 ἀπολυτρώ-

2199 3334 2358 3383 σεως,
2405 3319 2587 3372 πάντα
2617 3317 2686 3372 τὰ
2723 3321 2790 3392 τῇ
2851 3319 3024 3392 κακίᾳ
3079 3321 3430 3393 συνεπόμενα
3498 3325 3782 3396 μιάσματα

2199 3411 2500 3484 πρόρριζον
2520 3412 3086 3494 συνεκτμηθήσονται,
3106 3415 3213 3489 καὶ.
3229 3417 3276 3468 ot
3305 3417 3478 3488 ἱερεῖς
3509 3417 3589 3481 ὡς
3612 3418 3780 3487 φοῖνιξ

2195 3501 2516 3574 ἅνθήσουσι,
2554 3501 2792 3572 Χριστοῦ
2845 3503 3076 3575 εύωδίαν
3121 3508 3238 3570 τοῖς
3299 3505 3638 3577 σωζομένοις
3681 3511 3777 3580 ἐμ-

2198 3594 2476 3660 πνέοντες,
2499 3582 2604 3648 ’καὶ
2631 3597 2702 3668 τῇ
2739 3593 3050 3668 Ἐκκλησία
3080 3597 3366 3662 ἐπινικίως
3399 3599 3777 3672 προσᾴδοντες.

2197 3685 2449 3754 Περιεῖλε
2501 3687 2708 3757 Κύριος
2758 3687 2823 3740 ἐκ
2854 3685 2951 3740 σοῦ
3007 3688 3079 3742 τὰ
3128 3688 3449 3760 ἀδικήματα
3511 3706 3628 3745 σου.
3666 3689 3780 3744 Ἔτι

2195 3776 2388 3831 τεκαὶ
2436 3776 2568 3841 τοὺς
2627 3777 2997 3848 δρεπομένους
3035 3767 3436 3846 ξγλυκάζοντες,
3489 3781 3781 3850 πληθύνον-

2195 3866 2288 3930 τές
2299 3883 2358 3920 τε
2379 3865 2580 3929 αὐτοὺς
2603 3866 2660 3920 ἐν
2682 3867 2834 3937 γήρᾳ
2853 3865 3021 3934 πίονι,
3042 3869 3144 3935 τῆς
3173 3866 3452 3938 μακαρίας
3475 3865 3781 3941 [μακραίω-

2194 3955 2310 4030 νος]
2343 3956 2581 4028 ἐκείνης,
2612 3956 2777 4028 λέγω,
2811 3957 2907 4013 καὶ
2926 3958 3211 4030 ἀκηράτου
3239 3957 3385 4030 ζωῆς
3417 3958 3782 4033 κληρονόμους

2197 4049 2668 4116 ἅναδεικνύοντες.

2966 4165 3050 4220 ΔΩ

2203 4253 2292 4322 Τῷ
2319 4255 2778 4327 θεοσεϐεστάτῳ
2802 4256 2902 4312 καί
2923 4258 3348 4327 εὐλαϐεστάτῳ
3385 4263 3776 4326 συλλειτουρ-

2267 4325 2369 4409 τῷ,
2403 4327 2851 4409 ’κυρίφῚωάγνῃ
2906 4331 3288 4409 πρεσϐυτέρῳ
3316 4325 3432 4385 ’καὶ
3472 4325 3780 4409 ῂχουμξ-ιιῳ

2267 4395 2748 4468 κᾳίἀναχωρητῇ
2775 4397 2896 4451 τῶν
2923 4395 3234 4467 nov/amo")?
3280 4395 3642 4468 φροντίδων,
3675 4399 3776 4454 Τα-

2259 4465 2482 4534 ράσιος
2511 4465 3374 4536 κωνσταντινουπὸλεωςγέας
3392 4465 3644 4540 Ῥώμης-ι

2285 4556 2345 4610 '0
2374 4559 2439 4612 ἐκ
2471 4557 2632 4612 θείων
2659 4559 2918 4629 ναμάτων
2979 4559 3072 4614 τοῦ
3094 4560 3244 4614 θείου
3299 4560 3627 4632 Πνεύματος
3685 4562 3777 4632 ἀρ·

2197 4649 2439 4715 δευθείς,
2489 4651 2586 4704 καὶ
2628 4653 2696 4722 τῇ
2761 4651 3064 4722 ἐμπνεύσει
3093 4649 3289 4705 τούτου
3347 4651 3774 4720 καταυγασθεὶς,

2197 4741 2386 4806 Δαὸὶδ,
2435 4743 2462 4794 ὁ
2507 4744 2562 4794 ἐν
2627 4741 2917 4812 βασιλεῦσι
2961 4745 3248 4814 προφήτης
3309 4744 3405 4798 καὶ
3458 4745 3518 4798 ἐν
3569 4744 3774 4813 προφή-

2195 4851 2318 4896 ταις
2343 4821 2622 4904 βασιλέὺς,
2660 4833 2847 4902 ὑμνῶν
2905 4835 3082 4904 ἔλεγε*
3117 4855 3135 4886 ι
3169 4835 3469 4906 Καταρχὰς
3529 4835 3698 4904 ἔγνων
3718 4837 3776 4887 ἐκ

2197 4923 2305 4975 τῶν
2339 4923 2662 4994 μαρτυρίων
2701 4940 2820 4988 σου,
2860 4924 2941 4978 ὅτι
2967 4926 3047 4988 εἰς
3074 4925 3166 4978 τὸν
3196 4925 3372 4980 αἰῶνα
3415 4925 3774 4997 ἐθεμελίωσας

2198 5015 2356 5068 αὐτά.
2381 5033 2399 5064 ι
2441 5013 2706 5088 Ἀψευδὴς
2732 5017 2846 5080 τοῖς
2873 5015 2998 5071 νοῦν
3027 5016 3246 5088 ἔχουσιν
3276 5019 3308 5089 ἡ
3343 5017 3592 5090 ὕμνῳδία
3620 5016 3772 5086 αὕτη,

2199 5109 2292 5160 καὶ
2315 5107 2511 5177 βεὸαία
2545 5111 2658 5174 τοῖς
2685 5109 2858 5181 αὐτὴν
2884 5109 3130 5182 ᾄδουσιν.
3167 5111 3314 5182 Ἔφη
3345 5111 3455 5182 γὰρ
3479 5111 3574 5165 καὶ
3602 5113 3630 5164 ὁ
3661 5110 3772 5164 θεό-

2198 5216 2340 5270 πτης
2366 5201 2608 5271 Μωῦσῆς
2633 5203 2760 5273 περὶ
2784 5203 2964 5273 πάσης
2990 5201 3280 5273 Γραφικῆς
3328 5203 3622 5274 θεηγορίας
3643 5201 3773 5272 [θεο-

2198 5289 2434 5364 λογίας]
2449 5311 2468 5343 ι
2493 5291 2611 5344 Ἐπ’
2630 5291 2815 5355 αὐτοῖς
2832 5292 2931 5346 οὐκ
2948 5292 3062 5346 ἐστι
3091 5291 3432 5364 προσθεῖναι,
3450 5293 3546 5347 καὶ
3569 5291 3664 5345 ἀπ’
3677 5288 3772 5344 αὖ·

2196 5385 2306 5440 τῶν
2336 5387 2436 5440 οὐκ
2464 5385 2612 5440 ἐστιν
2643 5386 2884 5456 ἀφελεῖν.
2925 5406 2943 5438 ι

589 5567 634 5598 δ’
660 5565 850 5620 Matth.
881 5581 956 5629 vr,
987 5565 1076 5620 ΞΔ.
1138 5567 1202 5630 ,⁸³
1229 5567 1362 5622 ibid.
1443 5566 1486 5599 ἰδ
1509 5565 1589 5620 Ad
1621 5580 1774 5622 oram
1804 5582 1853 5620 c.
1891 5564 2127 5636 .lolyani.
2164 5563 2228 5620 Hi
2302 5582 2543 5622 canones
2587 5583 2695 5622 non
2737 5567 2878 5636 apud
2921 5566 3294 5632 Latinos,-.sed
3336 5567 3477 5636 apud
3511 5563 3770 5636 quosdam

525 5637 742 5691 lira-ens
776 5637 1154 5698 inveniuntur,
1185 5637 1330 5692 sicut
1367 5637 1473 5690 alia
1526 5637 1812 5691 nonnulla.
1887 5636 1932 5667 “
1959 5634 2154 5690 l‘Petr.
2188 5655 2226 5703 ι,
2266 5637 2353 5700 18,
2385 5637 2469 5693 l9.
2549 5637 2594 5668 “
2621 5637 2701 5691 lsa
2758 5634 2847 5699 ac,
2879 5638 2931 5692 9.
3008 5639 3051 5669 "
3077 5636 3310 5692 Senecta
3345 5634 3591 5690 uberin
3614 5634 3770 5689 Vide-

524 5715 613 5758 tnr
647 5708 843 5778 legisse
865 5707 1053 5760 Anast.
1082 5707 1140 5759 ὲν
1166 5710 1236 5777 γῇ
1272 5716 1365 5762 aut
1389 5708 1543 5778 χώρᾳ
1606 5707 1659 5778 ,⁸⁸
1685 5707 1742 5759 ln
1774 5706 1965 5761 Grmco
1995 5725 2008 5758 :
2049 5727 2066 5759 ι

2226 5708 2604 5778 coleiitissimo
2629 5724 2694 5762 ac
2724 5707 3240 5778 reverendissimoa
3267 5705 3436 5762 Hann.
3472 5777 3485 5778 ί
3511 5705 3658 5760 “Gr.
3682 5713 3770 5778 get

525 5774 892 5844 anachoreta,
929 5792 1183 5831 curarum
1212 5774 1423 5833 scilicet
1452 5774 1850 5832 mundanarum
1879 5779 2271 5848 contemptori.
2303 5797 2322 5828 ι
2403 5780 2450 5812 ⁵ο
2480 5777 2628 5834 Psal.
2669 5794 2860 5845 cxvm,
2895 5778 3018 5833 152.
3094 5780 3136 5810 ⁵¹
3167 5777 3324 5834 Deut.
3359 5793 3430 5843 iv,
3463 5777 3528 5846 2;
3567 5774 3765 5841 ωλι
