4026 6388
271 372 403 441 ἱίῧθ

1698 371 1819 439 EPl
1829 369 2100 438 STOI

3398 378 3536 444 illi

340 499 400 552 ΟΞ
455 487 549 550 οῦν
591 489 979 568 ὲρευνητικῶς,
1023 489 1118 551 καὶ
1163 497 1222 550 οὐ
1268 496 1672 570 παροδευτικῶς
1706 500 1838 550 πᾶσι

2015 497 2118 562 Qui
2143 511 2274 566 ergo
2304 495 2672 552 scrutahiliter
2699 505 2753 552 et
2786 511 2897 552 non
2929 498 3244 554 transiturie
3271 502 3530 558 omnibus

273 593 379 656 τοῖς
439 591 739 660 Γραφικοῖς
788 589 884 642 καὶ
943 588 1243 659 Πατρικοῖς
1294 588 1616 658 διδάγμασιν
1679 588 1847 656 ἐγκύ-

274 699 494 744 novre;
523 720 536 746 ,
599 679 692 735 καὶ
750 681 816 750 τῇ
866 677 1170 749 ἀναγνώσει
1247 677 1456 732 τούτων
1547 680 1843 748 προσέχον-

272 793 378 840 τες,
412 771 620 844 καὶρτδν
637 771 762 827 νοῦν
787 771 992 824 ἑαυτῶν
1016 773 1081 842 τῇ
1115 771 1366 843 εὑνεὸείςι⁵
1395 769 1489 824 καὶ
1521 774 1588 842 τῇ
1619 771 1846 842 ἀληθείᾳ

275 865 752 937 προσπηγνῦντες,
805 863 901 917 καὶ
975 863 1035 916 οὐ
1096 863 1236 934 πρὸς
1299 864 1366 916 τὸν
1434 863 1563 918 ἴδιον
1632 864 1847 935 θέλημα

272 955 426 1011 τοῦτο
450 956 729 1027 φέροντες,
763 955 1090 1024 φωτίζονται
1122 954 1480 1024 θαυμαστῶς,
1537 955 1646 1008 ἀπὸ
1669 955 1846 1026 ὁρέων

271 1049 523 1116 αἰωνίων,
559 1049 1032 1120 καταυγαζόμενοι
1059 1047 1166 1101 ὑπὸ
1202 1049 1312 1100 τῶν
1343 1046 1720 1116 εὐαγγελικῶν
1751 1048 1846 1102 καὶ

270 1139 643 1197 ἀποστολικῶν
700 1141 1074 1211 ἐνταλμὰτων.
1111 1141 1254 1212 Ὄρη
1289 1131 1396 1210 γὰρ
1422 1137 1593 1194 ταῦτα
1611 1140 1638 1192 ὁ
1659 1138 1843 1208 ψαλμ-

269 1233 398 1305 est;
425 1233 706 1303 ὀνομάζει,
719 1233 800 1286 ὅτι
829 1233 887 1285 ὲν
900 1232 1082 1295 αὐτοῖς
1095 1230 1502 1302 ἐμμελετῶντες
1524 1227 1618 1283 {at
1631 1229 1844 1283 ὁδεύον-

269 1343 376 1389 τες,
429 1325 566 1395 πρὸς
621 1324 690 1378 τὰ
745 1324 972 1394 οὐράνια
1035 1323 1410 1392 ὲπιδαίνομεν.
1476 1319 1682 1375 Δίὡνια
1742 1320 1838 1384 δὲ,

270 1417 349 1470 ὅτι
379 1417 438 1468 οὐ
467 1415 783 1484 πρόσφατα,
825 1414 947 1468 οὐδὲ
1012 1414 1344 1485 πρόσκαιρα,
1401 1413 1538 1467 ἀλλὰ
1575 1413 1680 1484 πρὸ
1739 1429 1841 1466 κα·-

269 1505 496 1578 ταδολῆς
523 1508 730 1578 κόσμου
761 1507 1109 1579 λελάληνται,
1146 1508 1194 1560 εἰ
1228 1509 1322 1560 καὶ
1347 1507 1435 1559 ἐπ’
1461 1507 1706 1576 ἐσχάτων
1733 1505 1842 1558 τῶν

271 1599 472 1672 χρόνων
511 1600 930 1672 ἐκπεφώνηνται
959 1601 1108 1671 παρὰ
1129 1601 1237 1652 τῶν
1261 1600 1516 1671 κηρύκων
1554 1597 1649 1652 τοῦ
1671 1599 1840 1666 εὐαγ-

269 1693 482 1762 γελικοῦ
532 1693 911 1764 κηρύγματος.
947 1693 1137 1762 Ἡμεῖς
1184 1688 1297 1756 οὖν,
1328 1692 1458 1762 ἆνερ
1507 1687 1838 1760 ἐπιθυμιῶν,

267 1785 371 1839 τῶν
427 1785 524 1839 τοῦ
579 1788 936 1856 Πνεῦματος,
987 1787 1063 1848 ὼς
1104 1784 1182 1854 τῷ
1234 1784 1352 1854 Θεῷ
1397 1801 1455 1836 σε
1487 1786 1564 1853 ὲκ¹
1593 1783 1842 1854 νεότητος

1954 591 2132 646 sacris
2162 589 2462 663 Scripturis
2502 599 2556 644 ct
2588 590 2830 660 palemis
2867 591 3134 646 doctrinis
3180 591 3529 658 incumbunt,

1953 689 2007 735 et
2035 679 2254 734 lcetioni
2289 679 2482 733 borum
2523 679 2836 745 intendunt,
2871 687 2926 736 et
2956 691 3194 736 mentem
3222 699 3380 738 suam
3411 685 3529 754 pie-

1951 771 2050 826 tati
2085 781 2140 826 et
2183 771 2398 826 veritati
2435 771 2686 844 inligunt,
2726 782 2781 826 et
2813 773 3027 831 nonad
3065 775 3340 844 prepriam
3388 775 3533 831 hanc

1953 868 2288 923 voluntatem
2343 868 2626 938 referunt,
2688 869 3070 926 illuminantur
3125 871 3453 926 mirabiliter
3501 889 3530 927 a

1951 961 2236 1016 montibus
2267 961 2508 1026 aeternis,
2547 962 2801 1016 illustrati
2837 964 2905 1018 ab
2932 965 3267 1035 evangelicis
3310 974 3363 1020 et
3395 980 3534 1036 apo-
3604 966 3610 987 λ

1953 1051 2162 1108 stolicis
2216 1053 2520 1123 praeceptis.
2584 1051 2796 1109 Montes
2857 1057 3004 1110 enim
3063 1057 3180 1112 haec
3239 1050 3532 1112 Psalmista
3610 1104 3614 1110 .

1953 1143 2206 1198 nominat
2227 1145 2298 1208 “,
2337 1145 2604 1214 quoniam
2635 1146 2689 1199 in
2723 1145 2808 1207 his
2841 1147 3170 1203 meditantes
3193 1157 3248 1202 et
3282 1147 3534 1202 inambu-

1950 1234 2152 1299 lantes,
2179 1235 2246 1290 ad
2281 1235 2526 1292 coelestia
2563 1237 2988 1304 pertransimus.
3028 1236 3293 1292 IEternos
3323 1247 3528 1300 autem,

1949 1327 2080 1398 quia
2122 1343 2230 1382 non
2269 1329 2509 1384 recentia
2542 1344 2666 1402 nee_
2695 1330 3042 1397 temporalia,
3077 1329 3176 1385 sed
3209 1329 3280 1384 ab
3318 1329 3533 1400 origine

1950 1421 2138 1478 mundi
2179 1422 2440 1491 praedicta
2501 1431 2636 1477 sunt
2679 1421 2800 1494 [Cia
2852 1430 2978 1478 ante
3022 1422 3214 1477 mundi
3259 1425 3532 1478 constitu-

1949 1515 2152 1570 tionem
2181 1515 2327 1570 dicta
2375 1513 2564 1587 sunt];
2612 1531 2929 1585 quanquam
2966 1515 3278 1571 novissimis
3320 1527 3533 1584 tempo-

1949 1609 2102 1662 ribus
2159 1607 2372 1677 prolata
2437 1608 2549 1662 sint
2595 1624 2623 1662 a
2679 1607 3137 1678 praedicatoribus
3203 1607 3534 1677 evangeliem

1948 1698 2376 1768 praedicationis.
2416 1698 2526 1754 Nos
2579 1715 2710 1768 ergo
2737 1741 2750 1762 ,
2802 1701 2888 1754 vir
2931 1700 3339 1756 desideriorum
3369 1742 3383 1765 ,
3433 1716 3533 1755 co-

1949 1805 2073 1843 rum
2102 1789 2353 1846 videlicet
2381 1805 2502 1859 qua:
2548 1801 2676 1847 sunt
2706 1791 2968 1862 Spiritus,
3015 1791 3128 1847 Deo
3183 1802 3234 1847 te
3275 1809 3304 1847 a
3330 1793 3524 1864 juven-

264 1879 626 1949 γινώσκοντες
689 1880 1068 1949 ἀνακείμενον,
1103 1877 1202 1948 τῆς
1240 1876 1469 1947 καρδίας
1495 1875 1650 1945 ἡμῶν
1685 1875 1841 1941 ὀλίγα

1952 1888 2059 1935 tute
2106 1889 2500 1952 cognoscentes
2546 1882 2816 1948 deditum,
2859 1899 3068 1954 paucos
3117 1883 3304 1940 cordis
3356 1885 3530 1938 ItOstt'i

268 1973 386 2026 τινα
414 1973 694 2042 κινήματα
712 1989 770 2024 τε
806 1973 900 2024 καὶ
941 1969 1286 2042 βουλεύματα
1319 1969 1454 2039 πρὶς
1486 1967 1724 2037 ψυχικὴν
1749 1965 1840 2018 εὑ-

267 2063 464 2132 θυμίαν
523 2063 911 2136 ἀνατιθέμεθα.
967 2063 1048 2116 Τὰ
1095 2063 1202 2133 γὰρ
1259 2061 1480 2115 πλείονα
1528 2063 1707 2130 σιωπῇ
1757 2076 1842 2111 τι-

265 2154 480 2226 μάσθω.

336 2245 562 2310 Πάντως
608 2244 844 2317 ὲνηχὴθη
903 2245 1033 2316 ὑμῖν
1065 2246 1233 2318 ’.περὶ
1287 2244 1386 2314 τῆς
1451 2241 1672 2296 συνόδου
1743 2239 1844 2311 τῆς

267 2339 566 2409 γενομένης
613 2339 832 2410 εὐδοκία
887 2338 1026 2392 Θεοῦ
1063 2339 1119 2392 ἐν
1143 2341 1210 2409 τῇ
1241 2337 1497 2391 Νικαέων
1531 2335 1682 2388 πόλει
1715 2351 1728 2366 ⁸
1761 2335 1844 2398 εἰς

267 2430 330 2501 ἦν
359 2431 577 2485 σύνοδον
601 2433 774 2504 ἡμεῖς’
788 2449 848 2484 τε
883 2433 970 2484 καὶ
1035 2429 1358 2502 ίερομύσται
1383 2428 1578 2498 ἄνδρες
1607 2444 1843 2497 τοποτη-

269 2526 426 2596 ρηταὶ
444 2523 542 2578 τοῦ
570 2541 628 2578 τε
653 2525 810 2579 πὰπα
829 2526 925 2594 τῆς
957 2524 1336 2596 πρεσϐυτέρας
1353 2523 1593 2594 Ῥώμης,
1619 2522 1712 2576 καὶ
1731 2520 1842 2573 τῶν

267 2617 360 2686 τῆς
390 2617 660 2686 ἀνατολῆς
682 2616 1007 2685 ἁγιωτάτων
1031 2616 1338 2688 ἀρχιερέων
1356 2615 1716 2687 συνήλθομεν,
1745 2612 1840 2666 καὶ

267 2709 535 2778 θεοφιλεῖς
575 2711 866 2764 ἐπίσκοποι
906 2709 1152 2764 πλεῖστοι
1211 2708 1357 2762 κατὰ
1403 2706 1701 2779 πρόσταξιν
1731 2705 1839 2756 τῶν

266 2799 501 2856 εὐσεϐῶν
528 2787 793 2872 βασιλέων
822 2802 1000 2874 ἡμῶν.
1043 2801 1318 2864 Ὡσαύτως
1348 2801 1441 2854 καὶ
1469 2799 1714 2862 εὐλαϐεῖς
1743 2799 1840 2868 ἀρ-

265 2892 608 2963 χιμανδρϊται
659 2893 754 2946 καὶ
799 2892 1118 2963 ἡγούμενοι,
1159 2893 1256 2945 καὶ
1299 2890 1506 2963 πληθὺς
1564 2889 1835 2958 μοναχῶν.

265 2986 370 3038 Καὶ
402 2986 506 3056 ήδη
543 2985 755 3039 πολλῶν
799 2987 1000 3057 μεταξὺ
1033 2985 1193 3055 ἡμῶν
1224 2982 1588 3055 λαληθέντων,
1615 2981 1677 3034 τὸ
1705 2980 1837 3042 ἁλη-

268 3073 352 3140 θὲς
373 3077 470 3130 καὶ
488 3077 717 3145 ἀρεστὸν
739 3075 817 3147 τῷ
829 3075 949 3146 Θεῴ
972 3077 1188 3148 ἐκρίθη.
1209 3077 1318 3129 Καὶ
1338 3075 1481 3131 κατὰ
1492 3074 1589 3144 τὴν
1607 3072 1840 3145 ἀρχαίαν

265 3168 628 3239 θεσμοθεσίαν
655 3169 766 3222 τῶν
790 3169 962 3237 ἁγίων
991 3169 1251 3239 Πατέρων
1279 3168 1438 3238 ἡμῶν
1465 3170 1498 3238 ἡ
1540 3165 1839 3234 Ἐκκλησία
1875 3203 1918 3264 C

264 3261 507 3316 ἀπέλαϐε
529 3263 625 3332 τὴν
657 3263 766 3316 τῶν
793 3263 1016 3316 εἰκόνιον
1045 3260 1513 3330 ἀναζωγραφησίν
1529 3275 1587 3312 τε
1605 3259 1696 3310 καὶ
1717 3273 1846 3324 στη-

267 3354 595 3426 λογραφίαν,
628 3355 766 3425 πρὸς
795 3353 1087 3424 ἀναγωγὴν
1132 3353 1228 3407 καὶ
1261 3352 1573 3420 ὑπόμνησιν
1595 3347 1691 3402 τοῦ
1727 3347 1849 3401 καθ’

267 3449 410 3519 ἡμᾶς
437 3447 581 3510 νοὸς,
613 3446 708 3500 καὶ
734 3448 966 3517 μετοχὴν
1000 3462 1144 3508 τινος
1165 3440 1463 3513 ἁγιασμοῦ.
1484 3440 1550 3495 Εἴ
1574 3458 1626 3494 τι
1653 3441 1760 3510 γὰρ
1791 3439 1851 3492 τὸ

270 3541 424 3610 ἅγιον
467 3539 803 3608 Εὐαγγέλιον
868 3539 959 3592 διὰ
992 3540 1092 3607 τῆς
1124 3537 1488 3606 ἀναγνώσεως
1532 3533 1850 3603 ἐνσημαίνει

269 3636 419 3705 ἡμῖν,
454 3633 518 3687 τὸ
547 3633 684 3706 αὐτὸ
733 3631 825 3685 καὶ
856 3631 912 3684 αι
941 3630 1151 3692 εἰκόνες
1177 3645 1190 3660 ·
1217 3629 1312 3682 καὶ
1345 3629 1398 3682 εἰ
1417 3645 1468 3680 τι
1495 3627 1552 3680 αἱ
1587 3641 1854 3697 μαρτυρι-

267 3727 365 3782 atat
393 3726 568 3797 βίϐλοι
595 3723 910 3796 διηγοῦνται
939 3721 1188 3793 περὶτῶν
1211 3721 1554 3791 παθημάτων
1570 3718 1678 3787 τῷν
1714 3736 1852 3790 μαρι

269 3821 469 3892 τύρων,
509 3817 712 3889 ὁμοίως
741 3817 838 3870 καὶ
865 3817 922 3870 αἱ
948 3815 1157 3878 εἰκόνες
1191 3831 1204 3845 ·
1235 3815 1332 3868 καὶ
1355 3813 1565 3876 ταύτας
1609 3811 1854 3876 ἀσπαζόο

276 3913 411 3983 μεθα
442 3913 522 3974 ὡς
553 3907 939 3979 ὲκτυπώματα
991 3906 1102 3960 τῶν
1147 3903 1524 3976 πρωτοτύπων
1578 3903 1724 3966 ὄντα,
1759 3903 1854 3956 καὶ

270 4007 420 4060 οὐδὲν
447 4006 660 4074 ἕτερον·
687 4001 957 4072 πρόδηλον
992 3997 1344 4060 πιστεύοντες
1381 3997 1464 4058 εἰς
1492 3995 1588 4070 ξνα
1624 3994 1757 4048 Θεὸν
1795 3996 1855 4046 ὲν

271 4095 910 4170 Τριάδιάνυμνούμενον,
955 4091 1051 4145 καί⁸
1089 4089 1238 4158 αὐτῷ
1285 4089 1432 4159 μόνῳ
1472 4086 1852 4158 λατρεύοντες.

283 4190 529 4257 Ἐξαιτού
539 4189 679 4261 μεθα
707 4187 764 4240 δὲ
783 4185 990 4248 καὶτὰς
1009 4182 1310 4255 πρεσϐείας
1326 4182 1424 4251 τῆς
1451 4180 1726 4252 ἀχράντου
1761 4181 1856 4232 Δε-

271 4279 668 4350 σποίνηςὴμῶν
683 4279 782 4346 τῆς
807 4276 965 4344 ἁγίας
989 4274 1278 4338 Θεοτόκου,
1313 4273 1480 4340 ἁγίων
1505 4289 1565 4324 τε
1583 4269 1852 4339 ἀγγέλων,

271 4375 362 4428 καὶ
385 4374 608 4426 πάντων
625 4369 733 4422 τῶν
753 4369 921 4436 ἁγίων
939 4367 1035 4420 καὶ
1047 4366 1208 4420 ὁσίων
1228 4364 1492 4434 Πατέρων
1513 4363 1687 4434 ἡμῶν.
1717 4360 1856 4414 Τοῦ-

271 4479 376 4518 των
401 4463 577 4524 οὕτως
595 4459 789 4522 ὄντων,
821 4457 1152 4512 ἐνεκάλεσαν
1171 4457 1234 4526 τῇ
1259 4455 1467 4526 συνόδῳ
1481 4455 1542 4508 τὸ
1573 4455 1736 4508 πλέον
1763 4453 1857 4524 μὲ-

1946 1979 2129 2025 motus
2157 1981 2212 2025 et
2241 1973 2552 2026 voluntates
2577 1972 2645 2027 ad
2679 1973 2849 2028 animi
2880 1973 3220 2028 alacritatem
3245 1964 3529 2029 commen-

1945 2062 2143 2118 damus
2171 2079 2185 2118 :
2218 2063 2374 2132 plura
2408 2064 2612 2134 quippe
2652 2064 2874 2120 silentio
2903 2065 3266 2120 honorentur.

2019 2245 2222 2318 Utique
2256 2247 2506 2304 auditum
2535 2258 2620 2304 est
2655 2264 2686 2304 a
2721 2249 2875 2306 vobis
2897 2250 2965 2305 de
2991 2251 3204 2322 synodo
3231 2265 3356 2321 qua
3384 2249 3527 2306 facta

1945 2346 2030 2392 est
2054 2338 2400 2408 beneplacito
2441 2337 2534 2393 Dei
2573 2339 2628 2392 in
2659 2338 3025 2395 Nicaeensium
3051 2341 3184 2395 urbe
3215 2358 3229 2394 :
3261 2340 3328 2396 ad
3359 2355 3526 2411 quam

1945 2430 2202 2486 Videlicet
2245 2431 2518 2504 synodum
2565 2448 2666 2488 nos
2711 2441 2766 2488 et
2805 2421 3004 2490 sacrati
3037 2434 3138 2490 viri
3183 2444 3237 2490 et
3269 2435 3374 2491 loci
3408 2449 3528 2490 ser-

1943 2529 2165 2576 vatores
2201 2530 2312 2576 tam
2359 2537 2512 2594 papae
2551 2523 2786 2578 senioris
2821 2523 3042 2589 Romae,
3066 2540 3234 2594 quam
3283 2524 3527 2581 Orientis

1943 2611 2428 2668 sanctissimorum
2487 2615 2799 2684 principum
2849 2614 3200 2670 sacerdotum
3263 2618 3528 2672 conveni-

1945 2719 2102 2768 mus;
2152 2721 2254 2763 nec
2304 2722 2415 2762 non
2459 2718 2512 2762 et
2546 2707 2658 2762 Deo
2699 2707 2966 2763 amabiles
3015 2709 3260 2781 episcopi
3302 2711 3526 2782 plurimi

1942 2789 2249 2854 secundum
2277 2785 2710 2871 praeceptionem
2743 2801 2958 2872 piorum
2995 2801 3392 2872 imperatorum
3428 2822 3530 2860 no-

1944 2897 2206 2945 strorum.
2251 2887 2524 2946 Similiter
2574 2903 2626 2948 ct
2658 2894 2946 2948 reverendi
2981 2895 3430 2953 archimandritae
3473 2910 3530 2953 et

1946 2979 2278 3051 hegumeni,
2344 2992 2397 3036 et
2450 2982 2744 3039 multitudo
2800 2985 3228 3041 monachorum.
3277 2987 3531 3056 Cumque

1945 3071 2117 3126 multa
2159 3071 2304 3126 inter
2351 3086 2450 3126 nos
2481 3071 2820 3136 dicerentur,
2856 3073 3004 3142 quod
3038 3089 3229 3128 verum
3271 3085 3327 3130 et
3355 3076 3532 3146 placi-

1949 3169 2062 3217 tum
2097 3171 2181 3219 est
2205 3163 2340 3229 Deo,
2380 3163 2650 3218 sancitum
2690 3172 2810 3230 est;
2847 3172 2900 3219 et
2939 3165 3244 3220 secundum
3287 3167 3527 3236 priscam

1950 3255 2353 3324 legislationem
2387 3263 2707 3310 sanCIOrum
2732 3255 2956 3310 Patrum
2995 3267 3314 3313 nostrorum
3352 3259 3534 3314 Eccle-

1951 3345 2034 3401 sia
2099 3345 2307 3415 recepit
2365 3345 2664 3410 imaginum
2727 3347 2996 3416 picturam
3063 3357 3116 3403 et
3173 3350 3404 3414 titulos,
3463 3353 3532 3406 ad

1952 3435 2294 3502 superiorem
2325 3449 2548 3489 sensum
2587 3432 2970 3507 [elevationem
3015 3437 3211 3512 animi]
3238 3450 3290 3495 et
3321 3455 3533 3497 memo-

1954 3527 2090 3580 riam
2127 3529 2328 3581 mentis
2371 3536 2596 3589 nostrae.
2635 3543 2701 3582 ac
2733 3529 3204 3599 participationem
3241 3532 3532 3602 cujusdam

1953 3617 2426 3674 sanctiﬁcationis.
2469 3619 2749 3690 Quidquid
2797 3619 2943 3674 enim
2987 3632 3238 3678 sanctum
3285 3625 3535 3696 Evange-

1954 3707 2086 3762 lium
2139 3723 2238 3778 per
2289 3709 2580 3764 lectionem
2626 3710 2873 3766 insinuat
2903 3713 3082 3778 nobis,
3143 3713 3195 3774 ιιι
3247 3717 3425 3787 ipsum
3479 3729 3534 3774 et

1957 3799 2224 3866 imagines
2257 3813 2270 3853 :
2301 3809 2354 3854 et
2379 3801 2643 3872 quidquid
2679 3811 2958 3872 gestorum
2997 3805 3121 3860 libri
3156 3806 3224 3862 de
3261 3809 3536 3877 passioni-

1955 3892 2058 3946 bus
2105 3900 2408 3964 martyrum
2454 3903 2696 3960 narrant,
2749 3895 3002 3952 similiter
3049 3910 3101 3952 et
3137 3899 3405 3970 imagines
3436 3920 3452 3958 :
3483 3915 3536 3960 et

1957 3985 2056 4038 has
2097 3985 2406 4041 salutamus
2457 3997 2718 4058 tanquam
2766 3987 3437 4060 formas.primitivorum,
3483 4009 3538 4052 rt

1957 4076 2096 4130 nihil
2137 4077 2287 4132 aliud
2325 4095 2338 4133 :
2373 4079 2626 4148 profecto
2658 4079 2712 4134 in
2751 4097 2918 4135 ttnum
2961 4081 3131 4139 Deum
3179 4085 3234 4140 in
3265 4085 3538 4146 Trinitate

1958 4168 2292 4248 laudandum
2321 4169 2624 4237 credentes,
2651 4179 2704 4225 et
2735 4172 2839 4241 ipsi
2873 4174 2974 4228 soli
3000 4175 3324 4244 servientes.
3360 4181 3538 4250 Ειρςι-

1959 4262 2125 4316 timus
2185 4262 2347 4316 etiam
2406 4262 2854 4324 intercessiones.
2888 4265 3228 4323 intemeratae
3292 4269 3539 4328 Dominae

1959 4363 2162 4409 nostra:
2195 4367 2400 4410 sanch
2431 4353 2522 4409 Dei
2555 4354 2872 4420 Gcnilricis,
2904 4373 3336 4432 sanctorumque
3373 4380 3540 4435 ange-

1959 4447 2176 4510 lorum,
2217 4455 2270 4501 et
2299 4447 2545 4500 omnium
2580 4459 2896 4504 sanctorum
2939 4449 3160 4508 Patrum
3193 4467 3536 4512 nostrorum.

275 4573 363 4625 ρος
396 4554 508 4607 τῶν
538 4549 784 4606 εὐλαὸὦν
809 4547 1082 4620 μοναχῶν.
1116 4548 1224 4600 Καὶ
1265 4549 1428 4617 ἡμεῖς
1461 4545 1518 4600 δὲ
1553 4544 1849 4616 προεγινὼ-

1962 4537 2058 4592 llis
2113 4541 2186 4592 ita
2227 4553 2285 4593 se
2343 4538 2707 4604 habentibus.
2765 4555 2958 4612 questa
3009 4554 3093 4600 est
3139 4549 3352 4618 synodo
3409 4565 3540 4619 pars

273 4661 478 4716 σκομεν
511 4643 610 4714 τὴν
655 4640 918 4711 ἑγκλησιν
955 4641 1160 4704 ταύτην
1187 4653 1202 4666 ·
1233 4638 1316 4690 ὅτι
1346 4638 1395 4690 οἱ
1429 4635 1677 4698 πλείονες
1746 4635 1854 4687 τῶν

272 4739 592 4793 ἐπισκόπων
639 4737 924 4807 χρήμασιν
985 4731 1269 4802 ὠνήσαντο
1327 4729 1424 4797 τὴν
1497 4727 1804 4798 ἱερωσύνην
1838 4741 1852 4756 ·

273 4837 369 4890 καὶ
385 4833 490 4888 κᾶν
506 4825 1121 4902 ἁμαρτίαιςήμετέραις
1139 4820 1617 4894 περιπειρὼμεθα,
1641 4821 1735 4872 καὶ
1749 4837 1802 4872 σε
1815 4837 1856 4871 ι-

277 4925 397 4995 ραῖς
441 4925 649 4976 τούτων
703 4914 1136 4985 συσφιγγώμεθα
1165 4955 1180 4979 ,
1233 4913 1318 4982 ἐφ’
1369 4909 1456 4976 αἷς
1507 4911 1671 4974 ἵλεως
1722 4912 1855 4980 ἡμῖν

273 5018 488 5084 γένοιτο
539 5011 744 5085 Κύριος
770 5025 784 5042 ·
817 5009 934 5062 ἀλλ’
971 5004 1065 5061 οὖν
1097 5005 1204 5060 τῶν
1259 5003 1636 5074 εὐαγγελικῶν
1663 5002 1855 5055 ὲνταλ-

278 5109 468 5179 μάτων
497 5107 593 5159 καὶ
622 5099 930 5157 κανονικῶν
955 5097 1259 5162 διατάξεων
1279 5097 1376 5165 τὴν
1399 5097 1602 5166 γνῶσιν
1629 5093 1857 5164 clima-

279 5217 401 5269 μεν,
452 5199 549 5250 καὶ
580 5197 639 5248 ἐν
670 5192 902 5264 καθαρῷ
954 5189 1240 5255 συνειδότι,
1301 5189 1398 5242 καὶ
1425 5185 1600 5260 ’ἁπλῇ
1633 5189 1852 5262 καρδίᾳ,

276 5291 371 5346 καὶ
397 5287 761 5360 ἁφιλαργύρῳ
785 5285 994 5356 τρόπῳ,
1023 5283 1119 5338 καὶ
1133 5283 1190 5334 ὲν
1221 5281 1526 5352 συνειδήσει
1546 5283 1857 5353 ἀνεπτερω-

281 5384 418 5454 μένῃ
473 5380 610 5452 πρὸς
646 5379 741 5432 τὸν
783 5375 938 5441 Θεὸν,
963 5377 1032 5446 τῇ
1055 5376 1316 5444 κανονικῇ
1373 5371 1466 5426 καὶ
1525 5373 1854 5443 εὐαγγελικῇ

275 5473 520 5539 διατάξει
550 5471 693 5526 κατὰ
718 5469 898 5524 πάντα
911 5468 1142 5522 ἕπεσθαι
1169 5464 1464 5536 εὐχόμεθα·
1500 5467 1594 5518 καὶ
1610 5463 1857 5532 καθήκα-

280 5582 381 5636 μεν
407 5558 638 5624 ὲαυτοὺς
661 5560 754 5614 καὶ
790 5557 1162 5627 ὑπεκλίναμεν
1195 5553 1518 5608 δουλοῦσθαι
1542 5557 1654 5616 τοῖς
1691 5555 1856 5621 εὐαγ-

278 5657 517 5727 γελικοῖς
544 5654 638 5708 καὶ
655 5651 1030 5714 ἀποπολικοίς
1055 5649 1343 5720 πατρικοῖς
1373 5645 1852 5719 παραγγέλμασιν·

348 5774 397 5805 ³¹
421 5771 564 5825 Psal.
607 5785 772 5836 uxv,
809 5769 860 5823 5.

1959 4631 2137 4698 major
2179 4632 2609 4688 reverendorum
2648 4637 3042 4692 monachorum
3077 4637 3535 4712 [episcoporum].

1957 4721 2062 4776 Sed
2120 4731 2175 4776 et
2227 4739 2324 4779 nos
2384 4723 2762 4792 praescivitnus
2817 4730 3098 4798 queri-lam
3152 4731 3351 4796 istam,
3409 4735 3540 4804 quia

1957 4816 2142 4884 plures
2171 4816 2556 4885 episcoporum
2595 4811 2849 4887 pecuniis
2881 4811 3243 4877 obtinuerunt
3281 4827 3540 4882 sacerdo-

1959 4910 2092 4964 tium
2127 4927 2140 4963 :
2171 4919 2224 4964 et
2258 4911 2387 4964 licet
2431 4911 2669 4979 peccatis
2714 4913 2921 4966 nostris
2955 4913 3301 4969 obczet-emur
3335 4915 3541 4988 [impli-

1959 4999 2202 5073 cemur],
2264 5008 2318 5054 et
2377 5001 2573 5054 horum
2640 4999 2885 5058 restibus
2937 5005 3418 5076 constringamur,
3483 5011 3535 5064 in

1957 5097 2159 5164 quibus
2192 5093 2460 5165 propitius
2495 5093 2653 5150 nobis
2690 5095 2764 5149 sit
2803 5093 2946 5152 Deus
2979 5115 2992 5151 :
3029 5107 3268 5154 attamen
3297 5117 3537 5173 evange-

1958 5187 2190 5242 licorum
2240 5186 2622 5240 mandatorum
2661 5197 2716 5241 et
2763 5189 3158 5261 canonicarum
3210 5197 3537 5264 przeceptio-

1957 5293 2087 5332 num
2123 5278 2486 5348 cognitionem
2520 5280 2884 5350 percepimus,
2939 5292 2995 5337 et
3043 5284 3100 5337 in
3150 5286 3354 5340 munda
3401 5303 3538 5342 con-

1958 5371 2211 5436 scientia,
2240 5380 2292 5424 et
2335 5371 2574 5442 simplici
2604 5372 2789 5440 corde,
2823 5383 2878 5428 et
2909 5375 2962 5430 in
3000 5391 3155 5432 more
3193 5380 3314 5433 sine
3357 5382 3540 5436 avari-

1960 5465 2054 5527 tia,
2086 5471 2140 5516 ct
2167 5463 2602 5530 impertiit-habili
2645 5465 2711 5519 ad
2747 5463 2916 5520 Deum
2951 5467 3162 5533 habito,
3209 5472 3534 5531 canonicum

1959 5555 2078 5628 [Gn
2128 5554 2462 5610 conscientia
2511 5557 2767 5614 alacriter
2818 5559 3068 5630 erigente
3120 5579 3180 5618 se
3229 5565 3296 5618 ad
3341 5563 3533 5629 Deum,

1959 5643 2246 5716 can.].per
2301 5646 2487 5701 omnia
2545 5647 2701 5716 sequi
2757 5658 3018 5718 optamus
3065 5662 3401 5722 praereptum
3437 5669 3452 5708 :
3485 5659 3538 5709 et
