4026 6424
448 311 622 382 Ἴίὸὃ

1588 317 1647 378 S.
1681 315 1990 377 TARASll
2019 313 2524 377 ΡΛΤΙὶΙΑΙὶΟΙΙίΕ
2565 319 2673 379 CP.

3637 315 3768 387 υίθί

483 431 1010 502 comprehendimus
1039 427 1454 502 [submisimus]
1497 430 1892 501 nosmetipsos,
1924 429 2074 484 incli-

2189 429 2586 501 ἀγωνιζόμενοι
2606 431 2841 495 καὶτοὺς
2862 431 2959 502 τὴν
2980 431 3284 504 ἱερωσύνην
3307 433 3769 504 κληρωσαμένους

485 524 738 577 navimus
767 523 842 578 .ad
877 521 1228 576 serviendum
1278 519 1618 590 cvangelicis
1648 528 1815 591 atque
1854 529 2080 590 aposto-

485 616 604 669 licis
636 613 963 684 et'paternis
1002 613 1465 684 dispositionibus
1501 631 1516 669 :
1549 612 1896 668 decertantes
1932 621 1992 666 ut
2025 612 2080 667 hi

481 707 574 775 qui
609 705 985 762 sacerdotium
1034 705 1216 760 sortiti
1264 695 1414 770 sunt,
1446 705 1527 758 sic
1557 704 1762 774 degant
1798 711 1852 758 et
1891 702 2080 758 vivant

479 808 534 852 et
571 808 994 864 conversentur,
1035 799 1128 854 sed
1163 808 1227 853 et-
1256 813 1453 854 omnes
1486 799 1579 868 qui
1613 797 1821 852 Christi
1855 795 2081 852 nomine

482 893 823 946 vocitantur.
855 893 927 946 -At
958 892 1003 947 si
1039 890 1269 962 quidam
1312 905 1421 946 non
1451 889 1834 960 acquieverint
1877 902 2078 958 praece-

483 984 594 1054 ptis
633 983 780 1046 istis,
817 983 1260 1038 communicatur
1295 982 1488 1036 talium
1525 981 1618 1052 qui
1649 980 1917 1036 dicuntur
1952 977 2079 1048 qui-

481 1076 628 1141 dem,
661 1093 768 1131 non
819 1088 999 1131 autem
1034 1086 1164 1130 sunt
1195 1074 1538 1139 sacerdotes,
1573 1088 1696 1128 esse
1735 1087 1843 1126 non
1872 1071 2076 1142 patior,

483 1168 580 1220 sed
644 1167 860 1221 alienus
917 1165 986 1219 ab
1051 1165 1252 1218 horum
1318 1178 1442 1218 sum
1507 1161 1896 1232 portione:et
1941 1157 2076 1211 mihi

484 1259 706 1330 quidem
761 1257 1053 1330 protestari
1093 1257 1208 1312 haec
1262 1271 1374 1311 non
1422 1255 1664 1325 pigrum,
1714 1253 1850 1323 ipsis
1893 1259 2076 1304 autem

485 1363 687 1407 tutum.
715 1351 896 1407 Divini
926 1367 1057 1420 ergo
1083 1363 1326 1406 canones
1359 1351 1577 1403 dantem
1604 1347 1685 1402 vel
1716 1344 2076 1416 accipientem

485 1446 538 1498 in
573 1445 930 1501 ordinatione
956 1442 1278 1508 sacerdotii,
1311 1443 1613 1512 deponunt,
1655 1449 1709 1494 et
1737 1451 2079 1508 persequun-

484 1548 573 1590 tur
617 1535 954 1608 [expellunt]
1002 1551 1032 1589 a
1081 1534 1412 1590 sacerdotali
1457 1527 1745 1604 dignitate.
1794 1528 2080 1600 lnspector

484 1629 578 1683 Dei
606 1629 846 1701 Moyses,
890 1637 950 1682 ut
995 1627 1134 1695 dixi,
1171 1627 1414 1681 clamat:
1456 1641 1476 1677 ι
1510 1623 1566 1679 In
1612 1623 1744 1690 illis,
1793 1621 2074 1692 inquiens,

483 1737 592 1776 non
644 1730 728 1776 est
780 1719 1116 1784 addendum,
1172 1727 1228 1774 et
1279 1719 1350 1774 ab
1392 1718 1470 1773 eis
1517 1733 1626 1772 non
1661 1723 1759 1770 cst
1819 1712 2079 1769 auferen-

2183 520 2358 584 οὖτως
2377 522 2820 594 ἀναστρέφεσθαί
2839 523 2931 577 καὶ
2949 523 3098 594 βιοῦν
3117 525 3214 578 καὶ
3233 523 3772 594 πολιτεύεσθαι,ἀλλὰ

2183 613 2280 667 καὶ
2304 614 2518 678 πάντας
2539 617 2668 678 τοὺς
2683 597 3022 686 τῷΧριστοῢ
3042 616 3268 687 ὀνόματι
3297 613 3691 686 κεκλημένους.
3706 615 3771 670 Ei

2181 706 2239 760 δέ
2269 724 2419 771 τινες
2450 707 2742 762 ἀπειθοῦσι
2765 709 2881 770 τοῖς
2911 707 3217 779 ὲντὰλμασι
3249 707 3486 772 τούτοις,
3517 697 3801 772 κοινωνὺς’

2181 797 2292 852 τῶν
2321 798 2583 854 τοιούτων
2604 798 2918 870 λεγομένων
2945 799 3158 871 ἱερέων,
3207 799 3306 853 οὐκ
3334 799 3504 854 ὄντων
3528 799 3606 865 δὲ,
3635 793 3771 854 εἶναι

2181 891 2282 944 οὐκ
2335 891 2638 963 ἀνέχομαιο
2693 891 2830 946 ἀλλὰ
2890 891 3174 963 ἀλλότριος
3236 891 3336 963 τῆς
3392 892 3604 944 τούτων
3658 893 3773 963 είμὶ

2185 981 2425 1052 μερίδος.
2469 983 2582 1037 Καὶ
2619 982 2747 1054 ἐμοὶ
2769 982 3252 1054 διαμαρτύρασθαι
3279 981 3454 1037 ταῦτα
3477 982 3579 1036 οὐκ
3609 983 3771 1052 ὀκνη-

2185 1075 2298 1146 ρὸν,
2368 1076 2552 1140 αὐτοῖς
2581 1075 2640 1129 δὲ
2671 1075 2944 1144 ἀσφαλές.
2981 1075 3045 1128 Οἱ
3071 1069 3167 1130 οὖν
3214 1075 3346 1129 θεῖοι
3401 1075 3629 1140 κανόνες
3683 1075 3774 1130 τὸν

2180 1167 2342 1222 δόντα
2373 1169 2406 1238 ἢ
2433 1167 2668 1221 λαϐόντα
2725 1167 2820 1221 ἐπὶ
2885 1167 3194 1240 χειροτονίᾳ
3247 1167 3552 1240 ἱερωσύνης
3589 1167 3774 1223 καθαιι

2183 1258 2339 1332 ροῦσι
2367 1259 2462 1312 καὶ
2502 1257 2872 1312 ἁποδιὼκουσι
2917 1261 3014 1330 τῆς
3044 1257 3332 1330 ἱερατικῆς
3363 1258 3673 1330 ἁγιότητος.
3717 1259 3772 1312 ’0

2183 1349 2422 1421 θεόπτης
2476 1350 2756 1421 Μωῦσῆς,
2814 1351 2890 1414 ὡς
2939 1349 3112 1422 ἔφθην
3165 1349 3361 1418 εἰπὼν,
3417 1350 3550 1420 βοᾷο
3593 1369 3612 1402 ι
3659 1348 3774 1404 Ἐπ’

2183 1442 2368 1506 αὐτοῖς
2390 1442 2490 1495 οὐκ
2516 1441 2635 1494 ἔστι
2663 1441 3016 1512 προσθεῖναι,
3047 1443 3144 1494 καὶ
3169 1440 3268 1494 ἀπ’
3287 1441 3472 1496 αὐτῶν
3501 1443 3603 1494 οὐκ
3627 1441 3775 1496 ἐστιν

2182 1533 2426 1604 ἀφελεῖν.
2456 1552 2476 1585 ι
2519 1533 2796 1598 Ὡσαύτως
2843 1534 2938 1588 καὶ
2965 1534 3369 1605 ὁύμνογράφος
3419 1534 3585 1588 Δα6¹ιδ
3635 1535 3774 1604 ψάλ-

2180 1624 2284 1688 λει,
2319 1627 2417 1679 καὶ
2452 1626 2621 1697 ἡμεῖς
2649 1627 2746 1681 σὺν
2777 1625 2928 1698 αὐτῷ
2957 1645 2969 1657 ·
3002 1645 3022 1679 ι
3045 1627 3349 1700 Καταρχὰς
3379 1626 3553 1696 ἔγνων
3582 1629 3650 1681 ὲκ
3669 1626 3776 1682 τῶν

2185 1717 2512 1790 μαρτυρίων
2539 1735 2657 1783 σου,
2694 1719 2778 1772 ὅτι
2823 1721 2904 1782 είς
2943 1719 3034 1772 τὸν
3065 1719 3238 1774 αἰῶνα
3282 1719 3655 1790 ἐθεμελίωσας
3683 1719 3778 1772 αύ-

485 1817 616 1867 dum
643 1811 710 1867 ⁵³.
747 1832 765 1864 ›
811 1810 1082 1866 Similiter
1119 1821 1174 1865 et
1215 1808 1669 1882 hymnOgraphus
1713 1805 1883 1862 David
1915 1805 2074 1878 psal-

2180 1787 2313 1865 τά.»
2343 1787 2458 1862 Καὶ
2492 1809 2577 1874 τίς
2617 1809 2803 1874 ἱκανὸς
2837 1811 2976 1881 τερος
3019 1810 3193 1864 ταῦτα
3222 1787 3580 1880 ἀντιστῆναις
3618 1811 3668 1864 εί
3698 1811 3772 1883 μή

493 1908 575 1970 Iit,
610 1915 664 1960 et
694 1920 792 1960 nos
818 1920 944 1960 cum
988 1903 1084 1958 illo
1117 1921 1132 1957 :
1171 1921 1190 1954 I
1221 1903 1305 1977 Ab
1348 1902 1506 1957 initio
1551 1901 1783 1973 cognovi
1822 1898 1892 1957 de
1927 1901 2076 1956 testi-

484 1997 688 2053 moniis
726 1997 859 2061 tuis,
895 1997 1026 2066 quia
1074 1997 1129 2052 in
1165 2005 1434 2052 aeternum
1466 1993 1712 2050 fundasti
1761 2009 1825 2050 ea
1849 1993 1918 2048 ⁸⁸.
1954 2012 1972 2044 I
2014 1993 2080 2048 Et

483 2090 609 2160 quis
642 2090 708 2144 ad
745 2089 859 2146 haec
887 2088 1186 2145 resistendi
1214 2087 1492 2143 idoneus?
1522 2087 1628 2142 nisi
1660 2087 1803 2142 forte
1836 2085 2078 2142 infatue-

485 2196 574 2238 tur
629 2198 828 2251 sensu,
890 2192 946 2238 et
1005 2183 1211 2238 divinis
1263 2181 1394 2237 velit
1447 2181 1698 2236 illudcre.
1753 2178 1874 2235 Jam
1931 2179 2075 2236 enim

483 2275 716 2330 fundata
760 2283 894 2330 sunt
941 2275 1264 2330 testimonia
1297 2271 1414 2338 Dei,
1463 2283 1517 2329 et
1550 2273 1792 2328 radicata
1847 2280 1979 2328 sunt
2022 2272 2076 2326 in

487 2368 730 2423 Ecclesia
801 2367 924 2438 ejus
979 2386 994 2422 :
1047 2366 1174 2421 lic-et
1230 2365 1453 2437 quidam
1525 2365 1898 2436 temporaliter
1967 2379 2076 2420 non

483 2461 827 2528 obedieutcs,
885 2458 1116 2514 minime
1163 2459 1480 2514 custodiant
1539 2471 1624 2514 ea.
1687 2457 1786 2512 Illa
1841 2471 1990 2528 ergo
2023 2457 2079 2510 in

484 2561 754 2608 aeternum
809 2561 1068 2618 manent;
1121 2559 1175 2605 et
1206 2550 1354 2605 beati
1387 2549 1481 2619 qui
1533 2558 1858 2605 scrutantur
1899 2563 1989 2614 ea,
2025 2557 2081 2602 ct

487 2647 572 2700 his
602 2645 868 2700 obediunt
895 2663 908 2699 :
939 2653 996 2700 et
1024 2658 1103 2698 vae
1137 2643 1232 2713 Qui
1265 2657 1372 2698 non
1400 2642 1692 2699 obediunt.

559 2764 756 2821 Omnis
797 2777 930 2835 ergo
979 2762 1295 2833 episcopus,
1340 2760 1426 2818 vel
1473 2759 1784 2832 presbyter,
1835 2766 1932 2814 aut
1963 2760 2082 2816 dia-

485 2871 662 2912 conus
693 2853 1000 2918 convictus,
1021 2853 1172 2924 quod
1197 2867 1295 2922 per
1322 2851 1586 2921 pecunias
1617 2865 1816 2906 manus
1847 2850 2080 2920 imposi-

489 2948 696 3000 tionem
734 2943 952 3000 dederit
985 2943 1070 2997 vel
1101 2941 1404 3012 acceperit,
1440 2958 1471 2997 a
1505 2941 1820 3010 sacerdotio
1850 2941 2078 2996 decidit.

487 3037 776 3093 Fortassis
820 3046 1003 3090 autem
1045 3035 1239 3089 dicunt
1285 3035 1480 3105 aliqui,
1527 3033 1657 3103 quia
1697 3035 2077 3103 pcenitentiam

2181 1917 2286 1953 που
2322 1899 2570 1972 μωραίνῃ
2593 1901 2691 1970 τήν
2716 1901 2982 1965 διάνοιαν,
3003 1902 3100 1956 καὶ
3122 1893 3340 1966 παίζειν
3366 1901 3526 1973 ἐθέλῃ
3541 1902 3609 1956 τὰ
3631 1902 3771 1970 θεῖαι

2184 1993 2325 2065 ’Ἤδη
2370 1993 2480 2065 γὰρ
2535 1993 2966 2064 τεθεμελίωνται
3004 1993 3076 2047 τὰ
3121 1994 3402 2068 μαρτύρια
3458 1993 3558 2048 τοῦ
3610 1994 3772 2064 Θεοῦ,

2180 2085 2276 2140 καὶ
2330 2083 2683 2156 ἐρριζωμὲνα
2737 2085 2877 2138 είσὶν
2909 2085 2969 2137 ὲν
2995 2087 3062 2156 τῇ
3102 2083 3400 2158 Ἐκκλησία
3431 2085 3624 2154 αὐτοῦ,
3672 2088 3776 2143 κᾶν

2180 2177 2540 2249 προσκαίρως
2573 2178 2718 2242 τινὲς
2751 2175 3111 2242 ἀπειθοῦντες
3134 2178 3195 2231 οὐ
3230 2179 3580 2249 φυλάττωσιν
3611 2181 3772 2236 αὐτά.

2192 2272 2412 2341 Ἐκεῖνα
2437 2264 2532 2324 οὖν
2556 2271 2636 2334 εἰς
2670 2269 2764 2325 τὸν
2803 2270 2976 2324 αἱῶνα
3017 2271 3262 2342 μένουσι,
3293 2272 3388 2326 καὶ
3432 2273 3699 2344 μακάριοι
3727 2274 3776 2328 οἱ

2181 2360 2583 2433 ἐξερευνῶντες
2609 2361 2770 2431 αὐτὰ,
2791 2361 2891 2416 καὶ
2915 2362 3130 2427 τούτοις
3159 2361 3503 2434 πειθόμενον
3527 2365 3624 2419 καὶ
3655 2363 3776 2418 οὐαὶ

2180 2453 2493 2510 ἀπειθοῦσι.

2254 2771 2371 2833 Πᾶς
2432 2766 2526 2826 οὖν
2588 2773 2918 2841 ἐπίσκοπος,
2954 2775 2986 2846 ἢ
3025 2775 3482 2850 πρεσϐύτερος,ἢ
3529 2778 3774 2844 διάκονος

2181 2861 2461 2934 ἐλεγχθεὶς
2514 2865 2608 2919 ἐπὶ
2671 2867 2925 2938 χρήμασι
2966 2869 3069 2941 τὴν
3104 2873 3448 2942 χειροτονίαν
3489 2873 3522 2946 ἢ
3571 2875 3702 2938 δοὺς
3741 2875 3774 2946 ἢ

2195 2954 2380 3008 λαϐὼν
2415 2997 2430 3021 ,
2493 2957 2595 3028 τῆς
2651 2958 2955 3032 ἱερωσύνης
3013 2963 3292 3018 ἐκπίπτει.
3355 2969 3518 3029 Ἴσως
3575 2968 3636 3022 δέ
3692 2986 3773 3021 τι-

2181 3063 2272 3110 νες
2306 3048 2584 3117 λέγουσιν,
2616 3051 2698 3104 ὅτι
2729 3053 3122 3126 Μετανοοῦμεν
3150 3057 3294 3129 ὑπὲρ
3339 3059 3442 3128 τῆς
3471 3061 3770 3132 ἁμαρτίας,

489 3129 706 3200 agimus
737 3141 840 3199 pro
883 3133 1138 3196 peccato,
1187 3135 1242 3179 et
1277 3125 1422 3180 Deus
1450 3125 1690 3195 ignoscit
1719 3124 1875 3180 illud.
1910 3126 1990 3180 Ita
2025 3133 2074 3180 et

2183 3137 2276 3190 καὶ
2311 3139 2339 3191 ὁ
2363 3136 2497 3202 Θεὸς
2554 3144 2832 3212 συγχωρεῖ
2881 3124 3076 3216 αὑτήν.
3134 3124 3275 3198 Ναὶ*
3297 3124 3406 3201 καὶ.
3443 3124 3554 3217 ὲγὶὶ)
3592 3124 3769 3219 λέγω,

491 3235 596 3290 ego
625 3221 770 3285 dico,
801 3219 933 3289 quia
965 3227 1016 3274 et
1041 3231 1236 3274 omnes
1267 3222 1496 3286 agentes
1528 3215 1906 3286 pmnitentiam
1937 3216 2078 3273 Deus

491 3311 748 3382 suscipit,
778 3321 832 3366 et
863 3311 1110 3382 indulget
1146 3325 1244 3381 per
1276 3310 1662 3380 paenitentiam
1693 3319 1918 3378 peccata
1957 3324 2078 3378 quae

485 3403 600 3474 jam
637 3409 857 3474 patrata
911 3409 1062 3458 sunt.
1110 3399 1249 3456 Novi
1289 3399 1439 3456 enim
1494 3407 1550 3454 et
1587 3397 1757 3454 David
1809 3398 2078 3456 adulterio

487 3497 815 3566 depressum
862 3502 918 3550 et
963 3493 1290 3558 homicidio,
1337 3493 1435 3550 sed
1473 3501 1596 3550 acta
1631 3493 1956 3564 poenitentia
1990 3509 2078 3550 rc-

489 3598 737 3660 ccptum,
784 3598 841 3643 et
889 3587 1078 3643 divino
1117 3585 1438 3641 testimonio
1471 3585 1837 3656 approbatum
1872 3603 1885 3638 :
1935 3581 2078 3640 I'ln-

486 3681 614 3734 veni
647 3679 844 3747 David,
881 3678 1086 3749 inquit,
1130 3677 1307 3731 tilium
1337 3673 1512 3740 Jesse,
1545 3676 1725 3730 virum
1771 3675 2076 3731 secundum

487 3787 586 3827 cor
622 3787 833 3836 meum,
869 3773 964 3842 qui
1000 3769 1168 3826 faciet
1193 3783 1387 3824 omnes
1413 3769 1727 3824 voluntates
1754 3785 1908 3825 meas
1927 3769 2007 3834 5';
2051 3787 2070 3820 ι

485 3874 540 3918 ct
576 3873 767 3919 sancta
801 3861 969 3918 David
1000 3861 1319 3932 prOphetice
1353 3860 1735 3916 testimonium
1769 3860 2026 3914 habentia
2060 3877 2073 3914 :

486 3957 841 4026 perspicuum
889 3971 1019 4026 ergo
1064 3963 1150 4010 est
1206 3971 1306 4025 per
1335 3955 1713 4025 paenitentiam
1743 3971 1868 4010 eum
1908 3954 2077 4010 fuisse

486 4056 799 4101 correctum
854 4044 974 4119 [Gn
1021 4060 1208 4117 persp.
1245 4047 1333 4100 ubi
1389 4047 1435 4100 is
1482 4046 1746 4116 pmniteu.
1795 4057 2076 4103 correctus

485 4138 612 4212 est].
647 4131 754 4194 Sed
788 4140 987 4193 iterum
1025 4137 1152 4194 novi
1185 4139 1408 4193 audisse
1447 4137 1600 4192 illum
1631 4154 1659 4191 a
1699 4135 1813 4192 Deo
1846 4157 1859 4192 :
1900 4157 1918 4189 ι
1953 4134 2074 4192 Νυη

488 4243 543 4286 tu
589 4232 892 4287 asdiﬁcabis
942 4232 1078 4286 mihi
1125 4232 1388 4298 domum,
1434 4232 1562 4300 quia
1605 4231 1688 4285 vir
1731 4231 2072 4301 sanguinutn

482 4339 544 4378 es
565 4323 632 4377 ⁸⁸.
677 4341 697 4375 ι
738 4323 874 4377 Novi
925 4322 1238 4378 Manassem
1271 4338 1372 4394 per
1415 4321 1824 4377 confessionem
1870 4323 1938 4377 ab
1967 4324 2073 4377 im-

485 4417 691 4485 pietate
718 4415 1034 4471 dimissnm.
1073 4415 1208 4470 Novi
1235 4425 1290 4470 et
1315 4417 1634 4471 meretrices
1664 4425 1717 4471 et
1743 4417 2070 4486 publicanos

2183 3229 2264 3282 ὅτι
2296 3231 2476 3284 πᾶσαν
2517 3231 2863 3302 μετάνοιανὸ
2888 3236 3022 3299 Θεὸς
3065 3237 3450 3310 προσδέχεται,
3489 3242 3586 3294 καὶ
3642 3259 3775 3312 συγο

2181 3325 2354 3392 χωρεῖ
2385 3325 2472 3380 διὰ
2507 3327 2806 3394 μετανοίας
2834 3329 2903 3382 τὰ
2933 3331 3314 3400 προγεγονότα
3367 3334 3768 3406 ἁμαρτήματα.

2179 3407 2308 3465 Οἶδα
2347 3414 2457 3482 γὰρ
2506 3416 2602 3468 καὶ
2646 3416 2818 3470 Δαὸἱδ
2873 3420 3094 3490 μοιχείᾳ
3144 3423 3484 3494 συσχεθέντα
3529 3429 3626 3479 καὶ
3675 3431 3772 3495 φό-

2179 3519 2274 3574 νῳ.
2308 3503 2448 3558 ἀλλὰ
2511 3507 2948 3578 μετανοήσαντα,
3001 3511 3267 3582 δεχθέντα
3326 3513 3422 3568 καὶ
3482 3532 3770 3588 μαρτυρη-

2179 3595 2380 3652 θέντα·
2423 3592 2638 3670 ιΕὗρον
2673 3599 2842 3656 Δασὶδ
2889 3602 2983 3655 τὸν
3038 3604 3136 3658 τοῦ
3181 3605 3350 3661 Ἰεσσὶ
3393 3607 3566 3680 ἄνδρα
3628 3613 3770 3666 κατὰ

2177 3689 2276 3760 τὴν
2325 3691 2555 3759 καρδίαν
2607 3710 2731 3762 μου,
2761 3693 2820 3758 ὃς
2871 3697 3096 3768 ποιήσει
3153 3697 3336 3752 πάντα
3373 3700 3770 3774 τὰθελήματὰ

2183 3798 2344 3851 μου’›
2377 3779 2474 3836 καὶ
2503 3783 2570 3836 τὰ
2589 3785 2712 3838 ὅσια
2736 3785 2904 3840 Δαϐὶδ
2925 3790 3284 3860 προφητικῶς
3313 3795 3764 3866 μαρτυρούμενα,

2177 3873 2403 3945 εὒδηλον
2427 3877 2518 3930 διὰ
2551 3881 2842 3947 μετανοίας
2865 3881 3062 3934 τούτου
3103 3881 3568 3956 διορθωσαμένου.
3605 3888 3766 3942 Ἀλλὰ

2179 3965 2340 4020 πάλιν
2361 3960 2480 4021 οἴδα
2519 3967 2836 4024 ἀκούσαντα
2859 3973 3024 4026 αὐτὸν
3071 3976 3224 4045 παρὰ
3273 3976 3370 4030 τοῦ
3418 3978 3597 4046 Θεοῦ,’
3643 4000 3663 4033 ι
3690 3983 3764 4034 05

2179 4057 2246 4110 σὺ
2280 4058 2665 4130 οἱκοδομὴσεις
2699 4079 2792 4132 μοι
2839 4059 3014 4130 οἶκον,
3036 4065 3119 4118 ὅτι
3174 4066 3316 4140 ἀνὴρ
3356 4071 3610 4141 αἱμάτων
3647 4069 3760 4128 εἴη

2177 4145 2311 4204 Οἶδα
2357 4153 2664 4224 Μανασσῆν
2718 4155 2786 4208 δι’
2839 4156 3250 4232 ὲξαγορεύσεως
3323 4165 3600 4232 ἀφεθέντα
3663 4170 3764 4239 τῆς

2173 4243 2450 4309 ἀσεϐείας.
2476 4239 2610 4300 Οἶδα
2627 4247 2721 4301 xal.
2747 4248 2954 4320 πόρνας
2973 4251 3073 4306 καὶ⁵
3089 4253 3334 4318 τελώνας
3355 4257 3650 4328 δεχθέντας
3676 4261 3764 4315 διὰ

2176 4335 2487 4404 μετανοίας,
2515 4337 2638 4390 ούδέ
2667 4355 2789 4392 τινα
2820 4339 2880 4393 δὲ
2907 4341 3118 4405 τούτων
3153 4345 3236 4408 είς
3284 4347 3591 4421 ἱερωσύνην
3637 4353 3761 4424 ἀρι-

2175 4423 2477 4496 θμηθέντα,
2523 4427 2574 4480 εί
2624 4428 2699 4498 μή
2751 4445 2853 4482 που
2890 4431 2998 4504 πρὸ
3053 4433 3150 4486 τοῦ
3183 4433 3562 4508 βαπτίσματος
3605 4423 3762 4496 τοῦτο

485 4520 740 4579 receptos
785 4524 886 4578 per
918 4509 1298 4578 pmuitentiam
1342 4525 1356 4562 :
1403 4524 1594 4563 verum
1640 4510 1852 4564 nullum
1883 4525 1947 4564 ex
1984 4511 2069 4564 his

2180 4517 2480 4588 πέπρακεν.
2539 4514 2672 4573 Οῐδά
2729 4537 2882 4584 τινας
2934 4499 3228 4596 μοναχοὺς,
3281 4499 3403 4582 ὅτε.
3430 4499 3643 4600 μὲν-ὲν
3683 4533 3761 4604 τῷ

483 4604 540 4657 in
581 4601 873 4658 sacerdotii
923 4601 1193 4672 dignitate
1237 4610 1628 4667 numeratum;
1680 4601 1790 4656 nisi
1837 4601 1978 4656 forte
2013 4602 2067 4656 id

433 4689 442 4726 ι’
482 4705 612 4750 ante
650 4694 925 4765 baptisma
963 4693 1328 4749 commiserit.
1359 4689 1499 4749 Novi
1542 4703 1597 4749 et
1629 4696 1934 4772 monachos
1963 4694 2067 4748 ali-

480 4798 646 4859 quot,
683 4803 808 4843 cum
846 4789 902 4843 in
937 4787 1146 4842 mundo
1177 4796 1366 4842 essent
1389 4823 1406 4848 .
1493 4787 1645 4842 omni
1679 4787 1903 4842 libidine
1934 4802 2067 4842 con-

479 4891 810 4951 spurcatos;
853 4895 976 4936 cum
1006 4888 1188 4934 autem
1215 4880 1466 4935 solitarie
1499 4881 1766 4946 viverent,
1805 4889 2066 4950 tanquam

479 4975 633 5029 faces
669 4974 723 5027 in
760 4973 894 5028 orbe
927 4972 1342 5042 resplenduisse
1371 4991 1384 5028 :
1419 4973 1634 5028 nullum
1671 4982 1854 5027 tamen
1883 4987 1949 5027 ex
1983 4972 2068 5026 his

477 5070 536 5121 in
591 5067 937 5122 sacerdotem
993 5065 1403 5122 ordinatum".
1459 5065 1616 5132 Quod
1671 5066 1719 5120 si
1779 5073 1964 5120 autem
2012 5063 2065 5120 id

478 5163 650 5216 semel
682 5173 849 5231 atque
897 5161 1096 5214 iterum
1142 5159 1353 5214 factum
1397 5171 1501 5227 est,
1551 5174 1660 5213 non
1709 5167 1890 5219 tamen
1929 5172 2066 5211 con-

483 5255 666 5310 festim
705 5255 879 5324 legem
931 5255 986 5306 in
1017 5252 1265 5308 Ecclesia
1307 5251 1637 5322 praescribit.
1687 5249 1908 5306 Scimus
1939 5265 2069 5305 san-

485 5355 628 5400 ctam
665 5344 917 5418 [almam]
966 5343 1195 5400 Mariam
1227 5343 1658 5417 [Egyptiacam]
1705 5343 1860 5415 prius
1891 5358 2069 5398 mere-

485 5437 680 5492 tricem
716 5435 909 5502 fuisse,
949 5445 1141 5506 postea
1169 5437 1374 5493 factam
1402 5440 1775 5494 continentem
1806 5435 2071 5510 [fornica-

487 5529 652 5594 riam,
689 5543 887 5584 rursus
927 5537 1110 5584 autem
1146 5530 1433 5603 pudicam]
1465 5549 1488 5600 ,ε
1525 5546 1635 5588 non
1688 5541 1872 5586 tamen
1923 5531 2066 5586 inter

551 5665 598 5699 ³³
631 5663 790 5721 Deut.
814 5682 889 5738 Iv,
917 5667 986 5734 2;
1013 5685 1109 5735 ιιι,
1133 5668 1224 5724 52.
1300 5669 1348 5704 ⁸⁸
1370 5669 1516 5725 Psal.
1539 5685 1811 5737 cxxxvtu,
1841 5671 1964 5727 15%.
2001 5671 2048 5704 "
2077 5670 2224 5727 Psal.
2252 5687 2444 5738 LXVIII,
2469 5673 2561 5728 21.

2175 4607 2368 4678 κόσμῳ
2439 4604 2605 4680 ἦσαν,
2665 4611 2899 4686 πορνείᾳ
2958 4617 3322 4687 συσχεθέντας
3353 4635 3369 4649 ”
3423 4623 3760 4696 μονάσαντας

2171 4697 2247 4761 δὲ,
2287 4698 2362 4761 ὡς
2387 4701 2683 4772 φωστῆρας
2711 4703 2770 4758 ἐν
2795 4705 2873 4776 τῷ
2913 4706 3106 4779 κόσμῳ
3157 4709 3484 4782 λάμψαντας
3505 4715 3616 4770 ,διὰ
3663 4720 3756 4770 τοῦ

2169 4790 2475 4862 ἀσκητικοῦ
2512 4791 2630 4862 βίου
2666 4809 2680 4823 ·
2709 4795 2904 4850 οὐδένα
2937 4797 2996 4852 δὲ
3019 4801 3099 4863 είς
3127 4801 3436 4875 ἱερωσύνην
3467 4808 3752 4870 ὲπιὸάντα.

2171 4880 2238 4936 Εἰ
2272 4881 2330 4935 δὲ
2381 4883 2477 4936 καὶ¹
2541 4885 2772 4941 σπάνιον
2827 4887 3077 4958 γέγονεν,
3110 4893 3172 4944 ού
3223 4895 3388 4965 νόμος
3431 4898 3756 4971 Ἐκκλησίας

2171 4973 2350 5030 τοῦτο.
2383 4977 2496 5047 Τὴν
2555 4979 2710 5032 ὁσίαν
2745 4980 2969 5050 Μαρίαν
3009 4983 3218 5056 πόρνην
3239 4987 3302 5040 τὸ
3349 4990 3616 5062 πρότερον
3673 4993 3754 5048 ἵσ-

2169 5085 2290 5139 μεν.
2348 5063 2517 5133 Αὖθις
2564 5069 2622 5124 δὲ
2679 5069 2956 5142 σώφρονα,
2991 5075 3051 5129 οὐ
3111 5078 3221 5150 μὴν
3255 5079 3312 5134 δὲ
3360 5085 3440 5147 εἰς
3485 5085 3585 5150 τὰς
3637 5086 3753 5141 δια-

2160 5161 2361 5227 κόνους
2385 5161 2810 5232 καταλεγεῖσαν,
2837 5166 3002 5236 ἁγίαν
3021 5168 3078 5223 δὲ
3109 5172 3204 5224 καὶ
3237 5173 3588 5249 ὲξῃρημένην
3623 5197 3754 5232 παν-

2167 5248 2257 5315 τὸς
2283 5253 2524 5324 πονηροῦ
2583 5255 2930 5328 πράγματος.
3001 5261 3113 5315 Καὶ
3139 5263 3193 5316 τί
3218 5265 3394 5322 ταῦτα
3437 5248 3604 5338 λέγω,
3659 5271 3753 5324 τὸν

2169 5343 2349 5414 ἀληθῆ
2400 5345 2561 5414 λόγον
2603 5347 3019 5418 ὲπιστάμενος;
3053 5353 3207 5425 παρὰ
3251 5355 3360 5410 τῶν
3426 5358 3584 5415 θείων
3613 5364 3751 5415 ἁπο-

2174 5437 2377 5492 στόλων
2407 5426 2662 5510 μυηθεὶς,
2687 5442 2782 5495 καὶ
2810 5443 2964 5516 παρὰ
2993 5445 3104 5500 τῶν
3135 5448 3327 5515 αὐτοῖς
3347 5452 3752 5526 ἀκολουθησάνο

2171 5547 2280 5585 των
2311 5531 2483 5599 ἁγίων
2515 5531 2776 5605 Πατέρων
2795 5535 2976 5606 ἡμῶν,
3004 5541 3583 5615 πεπαρρησιασμένως
3610 5545 3745 5617 βοῶ·

2673 5673 2790 5750 “ll
2819 5677 2954 5750 Reg.
2985 5696 3095 5748 va,
3126 5681 3179 5736 8.
3267 5664 3272 5670 ’
3297 5685 3340 5718 ⁸⁷
3369 5684 3750 5745 Fornicatione

483 5737 754 5804 delentes,
803 5737 1028 5794 eli‘ectos
1057 5749 1242 5795 autem
1264 5742 1571 5799 monachos
1627 5743 1776 5799 sicut
1825 5741 2122 5798 luminaria
2156 5743 2210 5797 in
2255 5745 2459 5801 mundo
2501 5759 2598 5816 per
2625 5737 2931 5804 studiosam
2959 5737 3123 5808 vitam
3153 5737 3421 5814 lucentes.
