4026 6396
232 495 362 560 ii)?

1658 492 2070 554 El’lS’l‘OLE.‘

3362 477 3494 543 i458

230 609 348 662 Ὀτι
395 608 422 658 6
484 605 576 660 ἐπὶ
643 606 892 676 χρήμασι
939 605 1338 676 χειροτονηθ-ὶς
1389 605 1712 670 ἐπίσκοπος,
1770 603 1803 673 ἦ

1955 607 2179 662 iaeonas
2211 606 2382 662 relata
2413 610 2520 658 est.
2546 599 2828 667 Quorsum
2860 609 2994 648 vero
3031 591 3149 646 hmo.
3174 587 3336 644 dico?
3369 605 3494 646 cum

230 694 622 766 πρεσϐύτερος,
654 694 688 764 ἦ
718 693 988 758 διάκονος,
1057 693 1340 764 ἀλλότριος
1371 695 1487 746 ἐστι
1521 695 1617 764 τῆς
1641 695 1803 765 ἱερω-

230 787 410 855 σύνης.
439 785 578 842 Οὐδὲ
607 785 772 858 γὰρὴ
799 787 893 839 τοῦ
947 785 1092 839 θείου
1154 785 1474 856 Πνεύματος
1525 787 1687 857 χάρις
1717 806 1804 840 πι-

230 879 554 950 πράσκεται.
612 877 964 947 Καῖαφαῖκὸν
983 877 1416 949 τὸὲπιτήδευμα,
1462 878 1810 947 Σιμωνιακὸν

230 972 289 1024 τὸ
317 971 643 1040 ἐγχείρημα,
703 969 984 1042 ἀλλότριον
1017 970 1117 1038 τῆς
1173 969 1456 1040 ἱερατικῆς
1504 967 1810 1038 ἁγιστείας.

231 1062 340 1116 Καὶ
394 1062 486 1114 ἐπὶ
537 1061 768 1132 πορνείᾳ
801 1061 851 1114 εἱ
904 1061 1086 1132 ληφθῇ
1145 1059 1278 1114 ποτέ
1333 1077 1422 1124 τις
1468 1059 1608 1131 μετά
1630 1061 1812 1130 τὸβά-

233 1168 462 1224 πτισμα,
501 1155 578 1218 εἱς
635 1153 934 1224 ἱερωσύνην
964 1153 1026 1206 οὐ
1082 1151 1463 1224 προσεδέχθη·
1514 1151 1650 1205 θεῖοι
1715 1170 1814 1206 κα-

233 1245 380 1308 νόνες
403 1244 561 1298 τοῦτο
595 1245 1027 1316 διαγορεύουσιν.
1069 1244 1282 1299 Ἀλλ’Ὲὶ
1322 1245 1416 1298 καί
1461 1263 1545 1308 τις
1582 1245 1814 1316 εἰσήχθη

235 1339 314 1400 εἱς
378 1337 479 1407 τὴν
544 1339 847 1408 ἱερωσύνην
900 1335 1146 1391 τοιοῦτόν
1173 1355 1227 1390 τι
1258 1337 1504 1409 ’πράξας,
1548 1335 1818 1405 γνωσθεὶς

235 1427 522 1498 ἐξεϐλήθη.
552 1429 741 1484 Πάντα
765 1429 821 1482 δὲ
846 1429 1016 1500 ἄνδρα
1037 1432 1124 1501 τῇ.
1162 1430 1421 1502 μετανοίᾳ
1471 1447 1816 1502 προσκαρτε-

241 1517 434 1590 ροῦντα
477 1519 571 1572 ἐπὶ
625 1519 1016 1592 ἀμσρτήμασι;
1071 1521 1170 1592 τὴν
1204 1511 1524 1591 ἀγαθότητα
1549 1522 1644 1574 καὶ
1691 1520 1821 1589 φιλ-

240 1611 551 1680 ανθρωπίαν
576 1611 670 1664 τοῦ
701 1611 835 1665 Θεοῦ
861 1611 1168 1680 γινώσκων,
1205 1609 1324 1667 οῖδα
1353 1612 1685 1684 λυτροῦσθαι
1723 1615 1824 1684 τῆς

240 1703 537 1774 ἁμαρτίας,
569 1703 750 1768 καθὼς
785 1705 882 1758 καὶ
914 1705 1173 1777 ἀνωτέρω
1201 1703 1651 1776 ἀποδεδώκαμεν,
1712 1705 1825 1759 Καὶ

242 1795 624 1867 ἀναθεματίζω
669 1799 921 1853 Ναυάτον
949 1800 1043 1852 καὶ
1093 1801 1221 1862 τοὺς
1246 1799 1441 1853 τούτου
1471 1799 1569 1870 τὴν
1590 1799 1828 1870 δυσσεϐῆ

246 1889 454 1958 αἵρεσιν
503 1891 945 1960 ὲπισπωμένους,
978 1891 1057 1954 ώς
1113 1891 1444 1956 ἀθετοῦντας
1502 1892 1604 1963 τὴν
1661 1891 1826 1962 μετά-

245 1997 414 2045 νοιαν,
444 1981 540 2034 καὶ
570 1982 668 2052 τὴν
692 1982 1106 2052 φιλανθρωπίαν
1119 1982 1214 2036 τοῦ
1246 1983 1386 2038 Θεοῦ
1421 1984 1496 2056 μὴ
1529 1986 1833 2058 προσιεμέ-ι

244 2092 385 2138 νους.
423 2075 698 2140 Ὡσαύτως
719 2075 777 2129 δὲ
807 2077 904 2130 καὶ
925 2075 1018 2130 τὸν
1043 2076 1139 2130 ἐπὶ
1201 2079 1452 2149 χρήμασι
1505 2097 1829 2152 χειροτονη-

244 2171 404 2226 θέντα
429 2170 731 2262 ὲπὶσκοπον
755 2171 1118 2242 μετανοοῦντα
1135 2173 1385 2244 ὁμολογῶ
1402 2175 1828 2246 προσδέχεσθαι·

245 2262 452 2330 ἀγαθὸς
505 2264 614 2334 γὰρ
661 2265 690 2316 6
741 2262 874 2327 Θεὸς
937 2265 1031 2318 ἐπὶ
1091 2266 1269 2328 πᾶσι,
1344 2266 1440 2319 καὶ
1499 2266 1830 2339 ἀνεῳγμένα

243 2357 311 2410 τὰ
356 2355 642 2425 σπλάγχνα
702 2354 868 2409 αὐτοῦ
933 2355 1026 2409 ἐπὶ
1105 2356 1270 2410 παντὶ
1322 2356 1602 2428 ἀνθρώπῳ
1661 2377 1833 2430 μετα-

246 2449 457 2503 νοοῦντι
484 2465 498 2479 ·
531 2449 626 2501 καὶ
661 2449 741 2511 εἰς
768 2447 867 2519 τὴν
918 2447 1200 2518 βασιλείαν
1255 2448 1424 2503 αὐτοῦ
1481 2450 1676 2505 τοῦτον
1715 2453 1834 2505 εἱσ-

248 2543 401 2610 άγεισι
441 2541 580 2596 Ἀλλ’
605 2542 727 2594 ἐπεὶ
757 2540 900 2595 κατά
947 2541 1040 2595 τὸν
1071 2541 1399 2594 Ἀπόστολον
1433 2544 1613 2614 ἱερεὺς
1641 2543 1836 2598 ἀνεπί-

247 2634 454 2704 ληπτος
499 2632 704 2701 ὀφείλει
749 2627 912 2697 εἶναι,
947 2631 1096 2686 ὁὲπὶ
1151 2634 1401 2705 χρήμασι
1447 2637 1838 2706 χειροτονήσας

247 2725 454 2796 τινά,ἢ
519 2725 922 2798 χειροτονηθεὶς
970 2725 1058 2780 ἐπ’
1099 2727 1306 2791 αὐτοῖς.
1347 2728 1630 2798 ἁλλότριός
1685 2731 1837 2783 ἐστιν

251 2817 576 2890 ἱερωσύνης,
629 2818 706 2882 ὡς
763 2818 963 2884 πάντες
999 2818 1224 2888 οἴδαμεν
1255 2820 1302 2872 οἱ
1361 2822 1463 2892 τῆς
1502 2819 1838 2890 Ἐκκλησίας

251 2911 531 2980 τρόφιμοι,
562 2912 625 2964 ὲκ
657 2911 961 2966 κανονικῶν
1020 2910 1368 2982 μαθημάτων
1425 2911 1837 2978 παιδευθέντες.

252 3002 464 3057 Οὐκοῦν
500 3001 638 3075 καλή
678 3003 774 3056 καὶ
808 3003 988 3074 ἀγαθὴ
1017 3006 1050 3071 ἡ
1087 3003 1376 3074 μετάνοια,
1400 3003 1498 3058 καὶ
1531 3003 1669 3076 πρὸς
1699 3005 1838 3060 Θεὸν

254 3097 588 3165 ἁνάγει.καῒ
615 3095 724 3149 τῶν
775 3095 1197 3166 ἁμαρτημάτων
1246 3095 1569 3168 λυτροῦται.
1623 3097 1841 3162 Καύτὸς

255 3188 359 3259 γὰρ
386 3186 504 3257 ἐγὼ
525 3186 712 3260 χρῄζω
735 3187 946 3251 ἐλέουςο
972 3183 1092 3240 οῖδα
1121 3187 1232 3260 γὰρ
1285 3187 1386 3260 τὴν
1413 3189 1510 3241 τοῦ
1543 3189 1682 3242 Θεοῦ
1715 3190 1842 3258 φιλι-

1919 1264 2030 1311 tatc
2071 1273 2088 1308 :

1920 1345 2280 1417 Caipbaicum
2324 1343 2432 1398 hoc
2464 1340 2710 1398 studium
2743 1347 2849 1403 est,
2891 1335 3208 1392 SLmoniaca
3245 1333 3358 1386 hmo
3392 1346 3510 1383 ma—

1922 1439 2192 1502 chinatio,
2241 1445 2298 1492 et
2325 1437 2505 1491 aliena
2550 1450 2579 1488 a
2613 1430 2940 1489 sacerdotali
2979 1423 3505 1483 sanctiﬁcatione”.

1907 701 2159 756 veritatis
2215 709 2533 755 sermonem
2587 703 2923 761 cognoscam
2945 687 3015 750 ⁸⁸,
3061 694 3115 740 et
3163 699 3288 738 eum
3338 682 3497 751 quia

1910 795 2111 848 divinis
2141 789 2412 862 apostolis
2443 785 2698 841 initiatus
2725 791 2830 846 est,
2869 779 3135 834 audacter
3167 776 3498 831 clamantem

1914 885 1968 958 [λ
2022 884 2227 940 divinis
2283 877 2550 952 apostolis
2601 883 2657 930 et
2707 873 2917 930 sanctis
2971 869 3230 924 Patribus
3299 864 3502 920 nostris

1913 979 2142 1032 edoctus
2169 974 2434 1030 audacter
2479 966 2670 1040 clam.]
2703 965 2918 1020 videam
2948 983 2961 1018 :
2993 961 3152 1030 Quod
3185 959 3502 1030 quicunque

1917 1085 2012 1140 per
2047 1068 2338 1138 pecuniam
2367 1064 2657 1120 ordinatus
2687 1069 2774 1115 est
2794 1059 3116 1130 episc0pus,
3148 1064 3243 1110 aut
3269 1052 3502 1124 presby-

1924 1172 2030 1228 ter,
2065 1170 2166 1217 aut
2205 1160 2496 1222 diaconus,
2545 1155 2760 1209 alienus
2787 1161 2871 1208 est
2901 1167 2929 1206 a
2962 1148 3292 1206 sacerdotali
3322 1146 3504 1215 digni-

2139 1269 2249 1308 nou
2295 1253 2445 1306 enim
2491 1248 2664 1306 divini
2711 1245 2952 1317 Spiritus
3003 1240 3504 1315 gratiavenditur.

1926 1527 1984 1583 In
2043 1524 2382 1584 scortati'one
2450 1536 2552 1580 aut
2609 1521 2887 1578 adulterio
2950 1520 2996 1576 si
3059 1515 3330 1588 quispiam
3389 1524 3512 1583 post

1929 1621 2201 1691 baptisma
2235 1618 2400 1675 fuerit
2445 1617 2850 1687 deprehensus,
2883 1610 3056 1668 divini
3089 1623 3329 1664 canones
3360 1606 3510 1659 illum

1929 1713 1994 1768 ad
2046 1711 2424 1769 sacerdotium
2482 1725 2590 1764 non
2654 1708 2956 1763 admittunt
3003 1722 3016 1756 :
3070 1705 3202 1773 quin
3253 1701 3418 1756 etiam
3467 1701 3518 1758 si

1929 1805 2204 1876 quispiam
2236 1784 2632 1875 promotus'ad
2669 1798 3042 1856 sacerdotium
3074 1795 3194 1869 [δι’.
3227 1809 3401 1864 prem.
3434 1801 3519 1844 cst

1933 1899 2002 1954 ad
2035 1897 2411 1954 sacerdotium
2443 1897 2536 1966 qui
2569 1893 2727 1966 tale],
2763 1893 2872 1948 tale
2910 1890 3115 1962 aliquid
3153 1887 3360 1949 fecerit,
3393 1901 3518 1938 ron-

1935 1993 2118 2047 l'estim
2161 1991 2408 2063 ejicitur.
2452 1989 2646 2046 Omnis
2690 1989 2862 2060 igitur
2906 1987 2990 2040 vir
3021 1984 3114 2055 qui
3148 1983 3202 2037 in
3243 1983 3519 2052 pmniten-

1937 2086 2009 2140 tia
2032 2085 2314 2156 perdurat,
2353 2098 2450 2154 per
2487 2083 2786 2138 bonitatem
2815 2087 2871 2134 et
2897 2075 3378 2134 mansuetudinem
3424 2072 3516 2126 Ι).ιί

1933 2179 2152 2233 veniam
2192 2186 2548 2248 peccatorum
2601 2190 2831 2232 suorum
2892 2172 3105 2229 obtinet
3125 2171 3194 2235 ³ο,
3249 2166 3517 2238 quemad-

1940 2269 2166 2325 modum
2233 2268 2401 2324 etiam
2451 2269 2506 2323 in
2559 2267 2940 2336 superioribus
2997 2259 3520 2317 demonstravimus.

1939 2361 2204 2418 Novatum
2261 2372 2470 2425 autem,
2506 2369 2562 2416 ct
2603 2359 2722 2430 ejus
2773 2359 2956 2429 impiae
3007 2353 3234 2411 hzeresis
3283 2349 3525 2407 asset-las

1937 2453 2372 2516 anathematizo,
2433 2460 2626 2523 utpote
2674 2451 2770 2521 qui
2837 2447 3074 2518 injurius
3135 2445 3206 2500 sit
3260 2444 3524 2497 adversus

1939 2545 2343 2614 pcnnitentiam,
2378 2553 2433 2600 et
2468 2543 2944 2598 mansuetudinem
2977 2539 3077 2594 Dei
3109 2538 3303 2594 elevet.
3343 2532 3531 2600 Quare

1939 2638 2060 2708 ejus
2133 2636 2414 2706 Opinionis
2479 2650 2644 2699 sum,
2705 2641 2764 2687 ut
2824 2631 3091 2687 conﬁtear
3148 2627 3526 2696 recipiendum

1939 2729 2264 2799 episcopum
2311 2743 2409 2798 per
2450 2726 2716 2797 pecunias
2749 2725 3088 2786 ordinatum,
3142 2720 3305 2775 modo
3355 2716 3526 2786 poeni-

1942 2824 2054 2871 teat
2083 2834 2095 2870 :
2127 2817 2305 2871 bonus
2338 2815 2486 2870 enim
2524 2814 2668 2870 Deus
2693 2822 2780 2870 est
2814 2813 2869 2867 in
2913 2811 3194 2873 omnibus,
3231 2819 3286 2864 ct
3312 2809 3524 2887 viscera

1944 2910 2068 2980 ejus
2117 2919 2307 2980 aperta
2357 2917 2490 2965 sunt
2536 2923 2703 2978 super
2749 2921 2968 2961 omnem
3029 2902 3307 2958 hominem
3354 2899 3532 2970 panni-

1947 3012 2172 3070 tentem,
2207 3019 2371 3074 quem
2401 3003 2568 3058 etiam
2615 3001 2669 3056 in
2700 3015 2930 3072 regnum
2959 3014 3120 3054 suum
3151 2995 3390 3050 inducit.
3427 2992 3534 3048 Sed

1944 3097 2409 3174 quoniam,juxta
2462 3093 2709 3163 divinum
2766 3091 3090 3162 Apostolum
3113 3089 3180 3155 ⁶¹,
3244 3087 3538 3158 episcopus

1945 3189 2298 3260 ineulpabilis
2352 3182 2938 3260 [irreprehensibilis]
2997 3197 3119 3239 esse
3165 3180 3328 3236 debet
3379 3199 3390 3232 :
3443 3178 3538 3247 qui

210 3329 218 3338 ,
255 3280 594 3352 ανθρωπίαν,
619 3281 700 3334 ὅτι
737 3280 915 3334 πὰντα
949 3280 1040 3332 τὸν
1068 3280 1516 3352 προσερχόμενον
1567 3281 1836 3353 ἀποδέχε-

1945 3290 2173 3354 propter
2198 3281 2466 3352 pecunias
2499 3280 2739 3349 aliquem
2779 3276 3020 3340 ordinat,
3059 3281 3156 3328 aut
3184 3273 3254 3326 ab
3287 3270 3412 3325 aliis
3446 3285 3538 3322 or.

255 3388 362 3424 ται.
393 3372 544 3438 Ἔφη
604 3370 713 3439 γὰρ
761 3368 850 3422 διὰ
893 3368 989 3423 τοῦ
1034 3371 1352 3440 προφήτου·
1399 3389 1416 3422 ι
1443 3371 1586 3440 Λέγε
1619 3372 1683 3424 σὺ
1739 3373 1838 3436 τὰς

259 3462 532 3531 ἁμαρτίας
560 3477 651 3512 σου
679 3459 918 3542 πρῶτος,
946 3459 1033 3512 ἵνα
1062 3459 1378 3530 δικαιωθῇς.
1403 3479 1426 3512 ι
1459 3463 1590 3524 Καὶ,
1626 3480 1644 3512 ι
1673 3461 1836 3526 Εἶπα,

259 3552 607 3624 ἑξαγορεύσω
647 3555 764 3606 κατ’
789 3552 925 3622 ἐμοῦ
955 3553 1052 3623 τὴν
1078 3553 1355 3624 ἁμαρτίαν
1389 3571 1492 3625 μου
1520 3556 1597 3627 τῷ
1625 3558 1839 3630 Κυρίῳ,

259 3649 350 3700 καὶ
370 3648 434 3700 σὺ
457 3646 676 3717 ἀφῆκας
706 3645 804 3717 τὴν
835 3645 1094 3700 ἀσέϐειαν
1113 3647 1212 3718 τῆς
1247 3648 1474 3718 καρδίας
1505 3666 1630 3720 μου.
1655 3669 1672 3700 ι
1709 3652 1842 3715 Καὶ,

268 3759 285 3791 ι
319 3739 495 3810 ’Υπὲρ
534 3739 739 3810 ταύτης
787 3739 1150 3811 προσεύξεται
1177 3741 1314 3812 πρὸς
1339 3742 1397 3794 σὲ
1427 3744 1535 3806 πᾶς
1588 3745 1735 3806 ὅσιος
1789 3745 1845 3797 ὲν

262 3833 437 3905 καιρῷ
490 3831 715 3902 εὐθέτῳ.
745 3853 766 3884 ι
813 3832 925 3889 Καὶ
958 3833 1048 3886 τὸν
1114 3833 1498 3904 πορνεύσαντα
1552 3835 1846 3907 Κορίνθιον

261 3921 376 3980 οἶδα
403 3926 806 3998 προσδεχθέντα
840 3925 992 3998 παρά
1011 3927 1090 3999 τῷ
1134 3927 1264 3996 θείῳ
1291 3927 1576 3998 ἀποστὸλῳ
1623 3929 1846 4000 Παύλῳ,

263 4018 320 4072 οὐ
356 4018 464 4091 μὴν
521 4017 578 4070 δὲ
625 4019 706 4082 είς
739 4018 1071 4090 ’ἱερωσύνην
1139 4018 1597 4074 ἀναϐιϐασθέντα.
1646 4021 1710 4074 Εἰ
1742 4024 1848 4094 γὰρ

265 4111 450 4182 πατὴρ
479 4111 936 4181 ἀποδημήσαντος
963 4111 1104 4200 υἱοῦδ
1147 4112 1244 4166 καὶ
1297 4110 1492 4164 τοῦτον
1546 4111 1850 4184 ἀθετήσαν-

270 4219 376 4268 τος,
404 4199 563 4266 αὖθις
600 4201 658 4256 δὲ
691 4199 1157 4274 ὲπανερχομένὸυ,
1216 4203 1707 4275 προσλαμϐἅνεται
1765 4209 1854 4262 διὰ

266 4293 363 4364 τὴν
397 4291 633 4364 φυσικὴν
653 4294 908 4364 στοργήν
940 4293 1089 4364 πόσῳ
1127 4293 1330 4364 μᾶλλον
1357 4294 1385 4346 6
1414 4295 1599 4366 πατὴρ
1635 4297 1855 4353 πάντων

269 4385 424 4455 ἡμῶν
453 4385 586 4448 Θεὸς
608 4386 786 4438 πάντα
811 4385 1180 4456 μετανοοῦντα
1227 4387 1324 4440 καὶ
1367 4387 1728 4458 προσδέχεται
1759 4390 1857 4442 καὶ

272 4477 727 4545 ἀγκαλίζεταιώς
759 4476 1146 4548 φιλάνθρωπος
1195 4497 1210 4544 ;
1275 4479 1336 4532 ού
1387 4480 1496 4552 γὰρ
1555 4481 1700 4536 θέλει
1769 4485 1860 4536 τὸν

272 4569 502 4623 θάνατον
547 4569 643 4622 τοῦ
695 4566 1042 4638 ἁμαρτωλοῦ,
1082 4567 1158 4631 ὡς
1181 4570 1242 4621 τὸ
1265 4571 1595 4642 ἐπιστρέψαι
1639 4574 1736 4626 καὶ
1762 4574 1860 4644 ζῇν

1945 3377 2194 3442 dinatur,
2253 3373 2467 3428 alienus
2517 3380 2604 3427 est
2659 3387 2689 3426 a
2749 3366 3079 3426 sacerdotali
3125 3364 3415 3435 dignitate,
3480 3370 3542 3414 ut

1944 3485 2141 3524 omnes
2171 3469 2429 3522 novimus
2451 3466 2772 3536 quicunque
2797 3463 3059 3518 Ecclesiae
3084 3459 3293 3515 alumni
3321 3472 3537 3514 smnus.

1947 3562 2090 3634 Ergo
2124 3562 2269 3616 bona
2315 3569 2368 3614 et
2403 3558 2698 3614 laudabilis
2734 3556 3058 3627 pmnitentia
3093 3569 3215 3624 quae
3249 3554 3313 3608 ad
3367 3550 3538 3606 Deum

1946 3655 2118 3719 ducit,
2153 3661 2266 3708 et-a
2299 3651 2540 3721 peccatis
2587 3649 2810 3705 liberat.
2857 3647 2921 3701 Et
2968 3661 3069 3718 ego
3109 3660 3333 3716 quoque
3367 3643 3542 3698 mise—

1948 3747 2187 3805 ricordia
2220 3746 2440 3818 indigeo
2474 3763 2490 3802 :
2528 3743 2655 3798 novi
2701 3743 2846 3798 enim
2896 3741 2990 3795 Dei
3038 3736 3553 3812 mansuetudinelu‘.

1950 3841 2043 3913 qui
2095 3854 2313 3895 omnem
2364 3836 2434 3892 ad
2479 3851 2538 3892 se
2569 3835 2879 3907 venientem
2933 3831 3148 3903 recipit.
3202 3830 3352 3885 Dixit
3398 3829 3543 3883 enim

1950 3951 2046 4004 per
2089 3933 2410 4002 prophetam
2445 3949 2458 3984 :
2505 3948 2522 3980 ι
2556 3927 2640 3982 Tu
2671 3929 2886 3998 primus
2926 3927 3011 3982 :lic
3042 3933 3275 3996 peccata
3324 3932 3441 3984 tua,
3489 3930 3550 3974 ut

1950 4025 2273 4097 justiliceris
2293 4024 2360 4076 δ’.
2400 4041 2418 4076 ι
2477 4023 2586 4076 Et:
2639 4040 2656 4072 ι
2693 4021 2812 4074 υἱχί
2853 4039 2865 4074 :
2905 4018 3149 4088 Eloquar
3203 4015 3544 4084 iniquitatem

1956 4133 2135 4171 meam
2163 4130 2348 4170 coram
2404 4113 2660 4180 Domino,
2704 4122 2760 4167 et
2802 4119 2858 4164 tu
2905 4108 3167 4164 remisisti
3213 4106 3546 4176 impietatem

1956 4208 2140 4265 cordis
2169 4209 2276 4263 mei
2299 4208 2362 4260 ⁸³.
2405 4225 2422 4257 ι
2483 4203 2591 4260 Et:
2629 4224 2645 4256 ι
2685 4203 2796 4259 Pro
2847 4219 2910 4257 ca
2961 4201 3142 4254 orabit
3174 4199 3238 4250 ad
3290 4207 3339 4253 te
3370 4198 3550 4251 omnis

1959 4312 2186 4360 sanctus
2229 4303 2282 4357 in
2326 4312 2574 4372 tempore
2619 4298 3023 4372 opportuno“.
3066 4315 3084 4348 ι
3128 4297 3261 4348 Nam
3297 4295 3344 4348 si
3377 4303 3550 4362 pater,

1961 4398 2076 4452 lilio
2126 4409 2352 4467 peregre
2399 4393 2734 4457 exsistente,
2785 4399 2840 4447 et
2897 4406 3010 4444 rem
3066 4388 3231 4458 impie
3277 4395 3331 4442 et
3367 4385 3554 4455 inique.

1963 4495 2182 4558 agente,
2239 4483 2562 4538 redeuntem
2615 4479 2814 4535 iterum
2871 4479 2939 4534 ad
2981 4493 3041 4533 se
3081 4477 3321 4531 naturali
3368 4490 3556 4529 amore

1964 4577 2318 4650 prosequitur
2350 4594 2363 4630 :
2402 4584 2612 4646 quanto
2642 4573 2820 4643 magis
2853 4570 2996 4626 Deus
3025 4569 3274 4625 omnium
3306 4579 3554 4621 nostrum

270 4659 456 4714 αὐτόν.
489 4659 648 4713 Καθὰ
679 4660 776 4712 καὶ
802 4658 1118 4728 ἠκούσαμεν
1145 4657 1207 4722 ἐξ
1232 4659 1403 4731 αὐτῆς
1432 4661 1533 4731 τῆς
1573 4664 1839 4734 Κυριακῆι

1968 4673 2158 4735 Pater,
2199 4683 2422 4724 omnem
2460 4667 2822 4737 pcenitentem
2856 4662 3125 4732 suscipiet
3151 4661 3205 4716 in
3239 4661 3382 4714 ulnis
3416 4659 3554 4722 suis,

273 4751 458 4820 ςωιῆς
517 4750 892 4820 εύαγγελικῶς
943 4750 1265 4824 παραϐολὴν
1327 4751 1702 4826 διηγουμένης
1734 4762 1864 4828 περὶ

274 4845 363 4898 τοῦ
419 4843 649 4908 ἀσώτως
693 4845 784 4898 τὸν
837 4844 952 4915 βίον
975 4845 1266 4916 ζήσαντος,
1293 4845 1376 4899 ὅτι
1416 4849 1864 4920 μετανοήσαντος

275 4938 468 5006 αὐτοῦ,
537 4938 692 5008 παρὰ
736 4937 830 4991 τοῦ
857 4940 915 4991 ἐν
975 4939 1227 5010 οὐρανοῖς
1291 4939 1505 5010 Πατρὸς
1562 4942 1863 5016 ἀπεδέχθη.

277 5035 477 5104 Χαίρει
521 5035 631 5106 γὰρ
691 5034 787 5088 ἐπὶ
837 5034 1004 5087 παντὶ
1080 5032 1396 5104 ἁμαρτωλῷ
1482 5036 1862 5106 μετανοοῦντι.

279 5127 443 5196 Μέγα
501 5127 666 5181 ὅπλον
711 5129 745 5198 ὴ
781 5126 1060 5197 μετάνοια,
1125 5126 1338 5198 μεγάλη
1390 5129 1667 5199 σωτηρίας
1719 5131 1860 5196 ὁδὸς,

281 5221 542 5290 πρόξενος
586 5217 836 5290 οὐρανῶν
883 5216 1185 5288 βασιλείας,
1224 5218 1509 5289 ἀφθάρτου
1575 5217 1726 5289 ζωῆς
1777 5221 1868 5274 ὀδ-

281 5311 450 5380 ηγὸς,
484 5309 841 5384 μαρτυρικῶν
884 5309 1170 5382 ἀθλήσεων
1223 5310 1486 5382 πάρισος,
1549 5311 1686 5382 πρὸς
1737 5312 1871 5366 Θεὸν

280 5403 574 5474 ίδηγοῦσα,
635 5404 734 5457 καὶ
767 5403 864 5457 σὺν
891 5401 1010 5474 Θεῷ
1059 5399 1202 5456 εἶναι
1239 5401 1503 5465 ποιοῦσα,
1531 5403 1626 5456 τοῦ
1659 5403 1874 5474 ἅνθρω-

283 5495 442 5550 πίνου
473 5495 664 5565 γένους
712 5493 1008 5565 βακτηρία,
1049 5494 1357 5550 πιπτόντων
1401 5495 1716 5560 ἀνάστασις.
1748 5497 1870 5551 Μα-

394 5737 440 5771 ⁵⁸
467 5735 602 5794 Can.
641 5738 728 5792 50.
843 5739 888 5770 ⁵⁹
922 5739 1262 5806 Can.apost.
1296 5739 1386 5793 56.
1503 5741 1546 5771 ⁸ο
1587 5740 1724 5794 Can.
1777 5742 1870 5794 25.

1966 4779 2091 4818 cum
2127 4761 2202 4817 sit
2248 4758 2606 4829 singulariter
2659 4753 3032 4812 miscricdrs?
3069 4752 3188 4807 Non
3220 4751 3366 4806 enim
3411 4767 3559 4804 mor-

1968 4866 2076 4911 tem
2111 4854 2248 4925 petit
2295 4850 2624 4923 peccatoris,
2664 4847 2759 4903 sed
2796 4846 2976 4917 magis
3019 4854 3081 4900 ut
3119 4853 3474 4899 convertatur
3505 4852 3560 4896 et

1969 4947 2114 5000 vivat
2135 4945 2201 4998 ⁸⁵.
2255 4938 2735 5008 Quemadmodum
2812 4936 2980 4990 etiam
3029 4935 3084 4988 in
3140 4932 3438 5004 Evangelio
3493 4931 3562 4984 ah

1970 5041 2089 5110 ipsa
2133 5035 2348 5093 Domini
2375 5047 2508 5089 voce
2529 5033 2576 5065 “
2618 5047 2716 5103 per
2755 5029 3076 5101 parabolam
3111 5027 3178 5082 de
3223 5025 3480 5097 prodigo,
3509 5033 3564 5076 et.

1972 5141 2163 5202 postea
2197 5128 2520 5201 paenitente,
2553 5123 2813 5181 instructi
2851 5135 3070 5186 sumus,
3103 5134 3134 5172 a
3162 5119 3323 5174 Patre
3354 5116 3561 5171 cu-lesti

1971 5233 2191 5294 recepto
2225 5225 2280 5277 in
2315 5221 2471 5277 emlis
2509 5218 2590 5292 [in
2623 5217 2776 5274 crelis
2809 5213 3126 5286 redundat].
3171 5211 3386 5269 Gaudet
3415 5209 3562 5264 enim

1973 5332 2138 5387 super
2200 5329 2419 5372 omnem
2476 5312 2757 5367 hominem
2829 5318 3084 5380 agentem
3156 5303 3560 5375 patuitentiam.

1973 5406 2304 5463 Poenitentia
2321 5403 2556 5476 insignis
2577 5413 2662 5460 est
2686 5414 2990 5464 armatura,
3013 5413 3211 5467 magna
3232 5397 3429 5453 salutis
3456 5396 3561 5458 via,

1974 5501 2198 5572 hospitii
2228 5501 2381 5573 regni
2409 5501 2684 5558 etelorum
2707 5496 3090 5570 dispensatrix
3117 5497 3186 5559 ⁵⁷,
3225 5492 3568 5562 incorrupti-

1985 5744 2025 5774 “
2062 5744 2077 5798 1
2132 5744 2279 5799 'l‘im.
2307 5762 2367 5808 ll,
2393 5747 2451 5800 2.
2563 5745 2606 5776 ⁶²
2653 5743 2756 5797 lsa.
2807 5760 2916 5805 xu,
2947 5742 3038 5796 ‘26.
3152 5739 3196 5770 ⁸³
3231 5738 3375 5792 Psal.
3405 5753 3464 5801 ιι,
3499 5737 3558 5793 5.

295 5810 337 5840 ⁸³
365 5809 504 5864 ἰὶιίά.
537 5811 589 5863 6.
620 5809 716 5863 Gr.
746 5809 918 5883 addit.
957 5829 975 5860 ι
1003 5809 1448 5883 _Et_Corinth_ium
1485 5811 1578 5878 qui
1613 5811 1919 5869 fornicatus
1949 5824 2052 5873 est.
2084 5816 2208 5869 novi
2232 5831 2262 5870 a
2289 5815 2478 5870 divino
2511 5815 2762 5883 aposmlo
2788 5813 2961 5868 Paulo
2995 5822 3302 5878 receptum.
3339 5822 3448 5861 “0"
3482 5817 3566 5861 ῑ³⁴

293 5895 414 5931 men
446 5888 694 5934 evectum
730 5881 794 5935 ad
828 5879 1249 5935 sacerdotium.»

329 5895 414 5958 aut
446 5888 694 5958 evectum
730 5881 1280 5958 a_d__sacert_lotiutn.L
1321 5881 1364 5910 ⁸⁵
1389 5881 1586 5953 riu-ch.
1620 5899 1751 5938 xvm
1782 5895 1836 5937 et
1868 5901 2061 5939 xum.

293 5950 530 6004 eiiiatrix
554 5971 565 6006 ι
593 5952 646 6006 in
675 5951 1181 6007 c.1olianodieilur
1211 5972 1220 6006 :
1245 5945 1639 6008 Reconciliatio
1663 5955 1810 6024 regni
1843 5957 1966 6010 (uel.

2169 5888 2220 5965 ,⁵⁵⁸
2250 5885 2383 5943 Luc.
2417 5903 2505 5951 xv,
2549 5879 2608 5938 ll
2644 5902 2798 5954 seqq.
2878 5886 2922 5916 “7
2955 5883 3051 5938 Gr.
3085 5879 3240 5950 regni
3268 5879 3396 5936 cwl.
3435 5891 3566 5933 coa-
