4026 6404
283 399 410 469 uel

1697 405 1881 464 EPlS'

3409 395 3428 457 1
3453 399 3541 458 ἒεῖἓ

282 515 568 586 nepam),
618 515 714 569 οὑκ
751 513 868 570 οἶδα
900 514 979 580 οἷς
1029 515 1292 587 κρίμασιν
1313 531 1326 545 ·
1365 515 1528 580 αὐτὸς
1554 518 1813 585 γινώσκει
1839 535 1851 547 ·

1987 519 2087 587 .cit)
2142 518 2195 570 iu
2240 515 2553 571 cathedram
2615 514 2979 586 pontificalem
3050 513 3267 576 evexit,
3320 513 3538 566 hortatu

285 612 362 670 είς
387 609 562 663 θῶκον
586 609 971 679 άρχιερατικὸν
1000 607 1312 672 ἀνεϐίϐασε,
1333 609 1649 679 προτροπῆς
1677 608 1858 679 βιαίας

288 701 434 772 τσρά
477 701 576 770 τῆς
623 700 882 770 ἀληθείας
939 699 1245 770 προμάχων
1311 699 1717 754 εὐσεϐεστάτων
1765 702 1860 753 καὶ

286 790 580 862 ὀρθοδόξων
610 790 878 861 βασιλέων
910 791 1088 861 ἡμῶν,
1122 791 1216 843 καὶ
1263 789 1584 857 ἁγιωτάτων
1633 789 1856 844 ἐπισκά·

288 901 400 937 πων
425 899 484 935 τε
521 883 614 935 καὶ
637 881 932 953 κληρικῶν,
964 885 1045 945 είς
1084 882 1184 951 ἐμὲ
1216 882 1536 953 γενομένης.
1575 882 1665 934 Διὸ
1687 884 1858 951 ἀναγ-

286 975 553 1038 καστικῶς
585 975 871 1044 ὑποκύψας
927 975 1221 1037 ὑπένευσα,
1253 975 1347 1028 καὶ
1375 973 1465 1028 τὸν
1489 975 1587 1044 τῆς
1614 975 1861 1043 ὑπακοῆς

289 1068 496 1140 καρπὸν
525 1067 829 1138 δρέψασθαι
859 1067 1070 1128 τούτοις
1101 1066 1380 1119 ἀπέδωκα.
1418 1067 1526 1119 Καὶ
1559 1064 1863 1136 παρακαλῶ

288 1161 411 1223 τοὺς
435 1158 589 1212 πανιέ
601 1175 727 1229 ρους
755 1158 923 1228 ὑμᾶς,
957 1156 1032 1220 ῶς
1062 1157 1161 1227 μὲν
1180 1157 1426 1228 πατέρας
1453 1155 1862 1228 μικροψυχοῦν-

289 1268 354 1303 τα
386 1249 664 1319 βακτηρία
696 1247 1004 1316 δυνάμεως,
1031 1249 1153 1310 ταῖς
1193 1249 1490 1317 πατρικαῖς
1539 1246 1694 1316 ὑμῶν
1723 1245 1864 1298 διδα-

293 1340 538 1402 σκαλίαις
583 1339 980 1409 ὑποστηρίξαι·
1014 1336 1089 1400 ὡς
1131 1337 1187 1391 δὲ
1226 1337 1494 1406 ἀδελφοὺς
1538 1339 1661 1399 ταῖς
1691 1337 1864 1389 καθα-

293 1435 412 1502 ραῖς
475 1431 630 1503 ὑμῶν
670 1433 860 1501 εὐχαῖς
893 1430 1109 1500 βοηθεῖν
1141 1432 1296 1500 ἡμῖν,
1329 1433 1396 1500 τῇ
1434 1429 1530 1482 τοῦ
1563 1427 1698 1482 Θεοῦ
1731 1446 1864 1481 παν-

290 1522 453 1594 οπλία
503 1523 640 1592 πρὸς
694 1522 794 1585 τάς
848 1521 1133 1593 μεθοδείας
1190 1520 1288 1574 τοῦ
1331 1519 1869 1590 ’Λντικειμένου,καὶ

293 1615 533 1686 κύμασιν
572 1613 1002 1684 ἀλλεπαλλήλοις
1042 1611 1506 1665 ἐνθαλαττεύοντά
1561 1629 1628 1682 με
1675 1612 1869 1664 διακυ-

294 1705 650 1780 ϐερνηθῆναι,
676 1707 824 1768 ὅπως
855 1705 1255 1776 καθορμίσαιμι
1287 1705 1380 1757 ἐπὶ
1409 1703 1608 1774 λιμένα
1632 1703 1872 1774 θελήμα-

291 1817 380 1864 τος
410 1799 648 1871 Χριστοῦ
679 1797 773 1851 τοῦ
804 1797 940 1850 Θεοῦ
973 1795 1152 1868 ἡμῶν.
1176 1797 1333 1850 Ἔστι
1364 1795 1494 1867 γὰρ,
1530 1795 1679 1865 εστιν
1705 1796 1872 1859 ὅντως

1961 611 2144 666 valido
2179 625 2208 664 a
2244 609 2490 666 veritatis
2521 607 3045 679 propugnatoribus,
3081 604 3346 677 piissimis
3392 604 3542 657 vide-

1962 703 2090 758 licet
2145 717 2209 755 ac
2277 701 2601 756 orthodoais
2639 699 3064 770 imperatoribus
3099 697 3326 760 nostris,
3377 705 3543 766 atque

1963 796 2329 852 sanctissimis
2361 794 2654 863 episcopis,
2690 808 2784 846 seu
2814 791 3050 857 clericis,
3076 790 3130 844 in
3170 805 3256 844 me
3278 789 3544 842 violenter

1965 888 2195 943 effecto:
2229 888 2316 942 cui
2359 885 2724 941 succumbens
2755 883 2947 949 annui,
2985 892 3038 937 et
3067 881 3390 936 obedientia:
3425 881 3542 932 fru—

1963 991 2110 1036 ctum
2145 982 2229 1034 bis
2262 978 2593 1049 carpendum
2617 976 2890 1032 commisi.
2913 975 2978 1029 Et
3004 990 3136 1045 rogo
3162 990 3256 1028 vos
3290 973 3544 1027 sacratis-

1967 1073 2158 1136 simcs,
2193 1079 2252 1124 ttt
2301 1083 2559 1139 tanquam
2588 1079 2771 1136 patres
2802 1082 2889 1121 me
2916 1066 3321 1136 pusillanimem
3349 1064 3546 1118 baculo

1966 1161 2242 1232 potentia},
2278 1161 2468 1224 idest,
2518 1158 2759 1227 paternis
2807 1157 3006 1212 vestris
3055 1156 3388 1226 magisteriis
3445 1153 3545 1208 ful-

1967 1253 2148 1319 ciatis,
2181 1261 2234 1308 et
2287 1252 2453 1307 veluti
2505 1251 2703 1304 fratres
2758 1250 2910 1324 puris
2972 1249 3320 1304 orationibus
3355 1249 3547 1301 ι’ρριιεὶς

1968 1360 2069 1398 nos
2135 1359 2258 1399 cum
2317 1353 2597 1398 armatura
2650 1342 2742 1396 Dei
2799 1350 2986 1396 contra
3036 1341 3306 1394 versutias
3337 1341 3546 1408 antiqui

1971 1437 2143 1492 hostis
2204 1436 2497 1506 adjuvetis,
2533 1447 2698 1506 atque
2737 1434 2998 1505 ﬂuctibus
3051 1435 3284 1487 invieem
3319 1449 3548 1502 surgen-

1971 1531 2115 1586 tibus
2156 1530 2502 1584 vacillantcm
2549 1527 2890 1595 gubernetis,
2928 1535 3198 1596 quatenus
3245 1526 3546 1596 pertingant

1973 1623 2038 1678 ad
2069 1632 2282 1692 portum
2314 1621 2614 1675 voluntatis
2657 1619 2866 1674 Christi
2905 1617 2998 1674 Dei
3033 1619 3228 1672 nostri.
3271 1615 3365 1671 Est
3403 1617 3548 1670 enim

1973 1729 2199 1784 prorsus
2245 1710 2373 1784 [est]
2397 1712 2538 1782 apud
2563 1726 2663 1765 nos
2681 1708 2957 1780 quoddam
2974 1707 3221 1778 prtelium
3246 1705 3363 1761 sine
3387 1705 3552 1766 ferro,

1976 1808 2106 1862 dum
2140 1821 2422 1862 sermones
2448 1805 2656 1876 jaciant
2681 1813 2734 1858 et
2757 1801 3058 1873 jaeiantur.
3088 1799 3192 1855 Sed
3227 1799 3555 1868 triumphale

294 1894 350 1945 ἐν
379 1893 490 1954 τοῖς
514 1890 638 1944 καθ’
663 1891 813 1959 ἡμᾶς
851 1889 1088 1960 πόλεμός
1123 1907 1208 1953 τις
1249 1888 1530 1960 ἀσίδηρος,
1564 1888 1716 1956 λόγοι
1750 1887 1873 1958 βάλ-

1987 1899 2249 1954 habcmus
2281 1897 2610 1966 trophaeum,
2640 1896 2927 1949 veritatem
2970 1907 3094 1962 qua:
3138 1907 3245 1944 non
3292 1889 3553 1943 vincitur.

295 1981 478 2046 λοντές
503 1997 563 2035 τε
594 1981 688 2034 καὶ
714 1979 1056 2051 βαλλόμενοι.
1093 1979 1254 2033 Ἀλλά
1275 1978 1533 2050 τρόπαιον
1558 1979 1872 2048 νικητήριον

295 2074 490 2143 ἔχομεν
534 2071 634 2144 τὴν
683 2071 759 2142 μὴ
805 2071 1117 2142 νικωμένην
1163 2071 1447 2142 ἀλήθειαν.
1485 2065 1623 2125 Εἶτά
1669 2087 1727 2124 τε
1779 2071 1873 2123 καὶ

296 2161 623 2230 καταιγίδων
646 2160 893 2231 σφοδρῶν
915 2162 1279 2214 είσπνεουσῶν
1307 2161 1688 2224 σννααπιστὰς
1721 2161 1872 2231 ὑμᾶς

296 2251 606 2322 λαϐόμενοι,
639 2251 740 2322 τὴν
773 2250 980 2304 τούτων
1017 2251 1214 2322 μικρὸν
1247 2251 1660 2319 ὑπενέγκαντες
1684 2251 1872 2321 ζάλην,

297 2343 607 2413 εὑρήσομεν
647 2343 841 2406 αὑταῖς
895 2342 1130 2413 Χριστὸν
1170 2341 1536 2414 ἐπιτιμῶντα,
1583 2343 1675 2395 καὶ
1703 2342 1875 2411 γαλη-

300 2433 425 2495 νίως
477 2432 569 2486 τὸν
618 2432 732 2502 βίον
776 2433 907 2503 ἡμῖν
960 2432 1322 2501 ἐπεξάγοντα.
1364 2433 1476 2487 Καὶ
1514 2433 1718 2486 τούτοιν
1779 2433 1876 2502 μὲν

300 2523 620 2591 ἀρκούντως
664 2524 724 2574 ἐν
771 2523 1080 2592 προοιμίοις
1123 2525 1261 2593 ἡμῖν
1298 2524 1632 2596 εἰρημένων,
1673 2526 1731 2576 ἐν
1763 2526 1878 2586 τοῖς

301 2614 428 2685 ἑξῆς
465 2616 656 2682 σαφῶς
681 2616 713 2684 ὴ
742 2613 979 2685 ἀκριϐὴς
1011 2616 1142 2685 περὶ
1167 2615 1347 2669 αὐτῶν
1397 2617 1600 2684 γνῶσις
1627 2615 1876 2684 διαγγελο

302 2706 550 2774 θήσεται.
582 2705 697 2758 Νῦν
721 2705 778 2759 δέ
810 2707 895 2776 ἐφ’
924 2707 1116 2778 ἕτερον
1148 2706 1350 2762 σκοπὸν
1387 2707 1587 2774 λέξεων
1625 2707 1875 2778 ἔρχομαι.

314 2797 540 2868 Ἐπειδὴ
592 2797 701 2869 γὰρ
733 2799 936 2870 ἀρχαία
974 2817 1081 2865 τις,
1123 2801 1358 2872 τάληθὲς
1385 2801 1442 2854 δὲ
1474 2802 1704 2872 φράσαι,
1739 2803 1880 2856 ἀποσ

302 2891 526 2960 στολικὴ
541 2892 847 2962 παράδοσις
872 2893 931 2944 ἐν
948 2892 1151 2956 πάσαις
1178 2896 1298 2957 ταῖς
1333 2893 1686 2964 Ἐκκλησίαις
1701 2893 1878 2962 διῆκε,

298 2982 439 3054 πρὸς
485 2984 770 3055 ίεραρχίαν
809 2983 1110 3055 ἀγομένους
1141 2988 1257 3048 τοῖς
1292 2985 1396 3056 πρδ
1429 2987 1612 3039 αὐτῶν
1639 2987 1738 3048 τὰς
1772 2987 1884 3057 ίερ-

299 3079 501 3147 σρχίας
550 3075 952 3148 ἐγχειρίζουσιν
983 3116 999 3143 ,
1038 3077 1115 3140 ὡς
1159 3078 1226 3132 ἂν
1295 3079 1408 3149 ἔχοι
1448 3079 1520 3131 τά
1551 3079 1650 3148 τῆς
1703 3079 1884 3132 αὐτῶν

301 3173 541 3235 πίστεως
608 3170 962 3226 ἀνατίθεσθαι
1004 3187 1018 3202 ·

304 3265 451 3334 μένῳ
480 3263 768 3317 ὑποκλῖναι
787 3263 1027 3334 ἐμαυτὸν
1054 3264 1204 3334 ὑμῖν,
1223 3263 1318 3318 καὶ
1336 3264 1607 3334 ἀριδήλως
1640 3263 1736 3334 τὴν
1762 3265 1882 3318 κατ’

299 3357 402 3426 ἐμὲ
450 3356 745 3426 ὁμολογίαν
784 3355 1170 3426 ἐξαγορεῦσαι,
1213 3355 1394 3420 καθὼς
1452 3357 1556 3409 ὑπὸ
1598 3355 1710 3408 τῶν
1751 3355 1881 3410 σαλ-

301 3447 522 3514 πίγγων
573 3445 668 3498 τοῦ
715 3443 1073 3514 Πνεύματος·
1111 3439 1186 3499 ὧν
1232 3445 1260 3497 ὁ
1310 3445 1545 3514 φθόγγος
1589 3446 1669 3508 εἰς
1703 3446 1884 3498 πᾶσαν

301 3539 400 3609 τὴν
437 3538 545 3608 γῆν
575 3537 790 3609 ἐξῆλθε,
835 3539 933 3591 καὶ
973 3539 1056 3602 είς
1088 3537 1154 3592 τὰ
1191 3539 1403 3604 πέρατα
1431 3539 1526 3607 τῆς
1557 3537 1886 3606 οίκουμένης

301 3631 369 3683 τὰ
406 3632 632 3702 ῥήματα
653 3647 667 3662 ·
702 3631 798 3684 καὶ
829 3631 984 3702 παρὰ
1003 3631 1110 3684 τῶν
1141 3629 1323 3683 αὐτῶν
1356 3630 1690 3700 θρεμμάτων
1710 3645 1769 3682 τε
1794 3629 1887 3682 καὶ

304 3723 716 3794 προϐλημάτων
785 3723 948 3778 θείων
1015 3725 1283 3796 Πατέρων
1342 3723 1498 3793 ἡμῶν
1549 3722 1608 3786 ἐξ
1663 3720 1887 3775 ἁπαλῶν

301 3813 521 3883 ὀνύχων
549 3813 886 3886 ἀνατραφεὶς
919 3813 1236 3884 μεμάθηκα.

376 3905 630 3957 Πιστεύω
661 3905 743 3968 είς
773 3905 867 3957 ἐνα
902 3905 1036 3958 θεὸν
1067 3904 1288 3975 Πατέρα
1317 3903 1762 3974 παντοκράτορα,
1788 3905 1881 3958 καὶ

304 3998 387 4059 είς
427 3995 527 4048 ἕνα
562 3997 769 4068 Κύριον
812 3995 1024 4066 Ἰησοῦν
1064 3996 1302 4068 Χριστὸν
1327 3995 1422 4049 τὸν
1452 3996 1581 4048 Υἱδν
1628 3995 1720 4049 τοῦ
1753 3995 1888 4048 Θεοῦ

308 4086 404 4139 καὶ
434 4084 570 4138 Θεὸν
597 4084 775 4156 ήμῶν,
806 4084 1140 4155 γεννηθέντα
1184 4087 1248 4138 ἐκ
1272 4085 1366 4140 τοῦ
1396 4085 1610 4156 Πατρὸς
1641 4085 1892 4155 ἀχρόνως

307 4181 405 4232 καὶ
449 4177 656 4241 ἀῖδίως.
682 4179 790 4232 Καὶ
822 4179 901 4241 είς
930 4177 988 4230 τὸ
1016 4177 1240 4247 Πνεῦμα
1271 4178 1330 4231 τὸ
1356 4179 1533 4246 ἆγιον,
1563 4179 1654 4230 τὸν
1687 4179 1892 4246 Κύριον

309 4271 404 4323 καὶ
440 4269 836 4333 ζωοποιοῦν,τδ
871 4272 934 4322 ἐκ
970 4270 1064 4322 τοῦ
1090 4270 1305 4339 Πατρδς
1335 4270 1403 4324 δι’
1436 4269 1566 4322 Υίοῦ
1596 4270 1892 4340 ἐκπορευό-

312 4378 498 4430 μενον,
529 4362 625 4415 καὶ
651 4361 784 4414 αὑτὸ
812 4363 945 4414 Θεὸν
975 4362 1036 4414 δν
1066 4379 1121 4414 τε
1151 4354 1702 4432 καιγνωριζόμενονο
1727 4363 1894 4432 Τριά-

310 4455 380 4508 δα
422 4451 732 4523 ὁμοούσιον,
790 4453 1052 4524 ὁμότιμὸν
1091 4471 1151 4507 τε
1179 4457 1274 4508 καὶ
1325 4455 1641 4525 ὀμόθρονον,
1702 4455 1892 4520 ἀΐδιον,

1979 1991 2182 2046 Deinde
2207 2005 2428 2062 quoque
2455 1995 2509 2043 et
2536 1987 2786 2058 procellis
2811 1985 3227 2041 vehementibus
3277 1983 3558 2053 inspiran-

1981 2082 2148 2144 tihus,
2185 2081 2239 2134 in
2273 2079 2538 2134 auxilium
2576 2073 2734 2132 vobis
2764 2075 3083 2149 assumptis,
3112 2077 3310 2128 harum
3339 2073 3556 2143 pauxil-

1981 2173 2092 2227 lum
2145 2172 2275 2243 qnid
2306 2171 2632 2228 sufferentes
2663 2179 2877 2232 :estum,
2920 2168 3199 2222 Christum
3241 2167 3339 2221 has
3377 2167 3557 2220 incre—

1981 2275 2198 2335 pantem
2251 2264 2584 2326 invenimus,
2622 2271 2677 2316 et
2715 2262 2880 2319 vitam
2908 2259 3205 2328 tranquille
3247 2273 3340 2327 per
3371 2257 3556 2310 omnia

1983 2357 2371 2427 transigcmus.
2413 2356 2476 2411 Et
2527 2355 2610 2410 his
2643 2354 2860 2424 quidem
2894 2349 3218 2408 sufficientct
3275 2350 3330 2403 in
3363 2346 3558 2418 prazfa—

1983 2451 2129 2504 tione
2159 2459 2346 2506 nostra
2376 2448 2698 2520 praemissis,
2733 2447 2785 2501 in
2809 2443 3020 2500 caeteris
3050 2443 3334 2497 evidenter
3361 2443 3558 2494 herum

1982 2543 2226 2616 cegnitio
2272 2541 2704 2597 denuntiabitur.
2761 2537 2916 2592 Nunc
2960 2544 3144 2590 autem
3183 2535 3248 2588 ad
3279 2533 3441 2586 aliam
3477 2533 3560 2586 in-

1982 2639 2278 2695 tentionem
2304 2633 2517 2689 dicendi
2555 2629 2833 2704 [dicendo]
2863 2626 3202 2700 progredior.
3238 2625 3380 2692 Quia
3412 2626 3557 2678 enim

1985 2733 2162 2801 prisca
2211 2727 2482 2798 quaedam,
2527 2732 2582 2780 et
2616 2731 2676 2778 ut
2721 2723 2905 2777 verius
2933 2719 3227 2779 fateamur,
3259 2717 3561 2786 apostolica

1985 2821 2202 2877 traditio
2234 2821 2287 2874 in
2317 2819 2576 2874 omnibus
2615 2814 2874 2872 Ecclesiis
2904 2811 3150 2878 inolevit,
3182 2820 3243 2864 ut
3279 2810 3334 2863 hi
3366 2809 3460 2879 qui
3493 2806 3560 2862 ad

1985 2914 2321 2987 pontificium
2370 2911 2774 2982 provehuntur,
2817 2905 3253 2978 prtecedenlibus
3295 2919 3353 2958 se
3387 2901 3440 2954 iu
3473 2916 3564 2953 eo-

1985 3009 2106 3062 dem
2131 3005 2338 3068 ordine,
2357 3004 2591 3074 qualiter
2618 3017 2676 3056 se
2699 3001 2940 3054 habeant
2969 3013 3090 3069 quae
3123 3013 3235 3049 sine
3267 2995 3388 3048 tidei
3413 2999 3562 3054 sunt,

1987 3099 2308 3171 exponendo
2357 3094 2748 3151 commendent
2781 3111 2794 3148 :
2833 3091 3023 3146 Visum
3078 3098 3158 3146 cst
3214 3097 3265 3144 et
3296 3086 3430 3142 mihi
3464 3087 3568 3138 huc

1069 3169 1219 3234 ἔδοξε
1278 3173 1448 3242 κάμοὶ
1502 3171 1714 3236 τούτοις
1759 3173 1881 3225 ἑπο-

1987 3169 2241 3255 sectanti,
2280 3203 2367 3243 me
2393 3188 2549 3243 vobis
2595 3186 2886 3249 inclinare,
2916 3193 2970 3238 et
3012 3181 3223 3252 liquido
3268 3176 3570 3232 confessio-

1987 3295 2109 3334 nem
2162 3276 2554 3342 pronuntiare,
2599 3269 3060 3343 quemadmodum
3115 3284 3144 3322 a
3197 3265 3340 3322 tubis
3393 3264 3567 3318 sancti

1988 3371 2225 3442 Spiritus
2251 3371 2501 3439 (quarum
2533 3380 2704 3421 sonus
2736 3365 2788 3418 in
2820 3377 3039 3416 onmem
3071 3371 3273 3414 terram
3301 3356 3490 3416 exivit,
3517 3360 3572 3407 et

1986 3465 2042 3518 in
2086 3464 2223 3516 fines
2252 3472 2411 3515 terra:
2443 3455 2690 3526 verba")
2717 3463 2772 3510 et
2807 3454 2874 3507 ab
2910 3465 3100 3506 earum
3131 3447 3374 3503 alumnis
3405 3453 3570 3514 atque

1989 3554 2252 3620 asseclis,
2301 3547 2692 3606 sacratissimis
2757 3545 3010 3600 videlicet
3062 3539 3318 3595 Patribus
3366 3533 3568 3590 nostris

1991 3645 2278 3708 educatus,
2315 3656 2380 3696 ex
2413 3639 2549 3710 ipsis
2590 3636 2848 3692 mollibus
2879 3632 3096 3702 ungulis
3129 3629 3318 3685 didici.

2061 3909 2238 3965 Credo
2278 3909 2333 3963 in
2369 3921 2538 3964 unum
2573 3907 2742 3960 Dettm
2777 3903 2991 3958 Patrem
3037 3899 3492 3968 omnipotentem,
3519 3904 3574 3948 et

1995 4001 2046 4054 in
2087 4013 2256 4053 unum
2290 3996 2582 4052 Dominum
2621 3989 2808 4048 Jesutn
2846 3989 3124 4044 Christum
3155 3985 3353 4040 Filium
3393 3981 3485 4036 Dei
3521 3992 3574 4034 et

1997 4095 2165 4148 Deum
2200 4099 2468 4155 nostrum,
2505 4099 2694 4143 natum
2722 4103 2788 4142 ex
2816 4085 2980 4142 Patre
3009 4084 3128 4138 sine
3163 4091 3411 4151 tempore
3431 4094 3573 4133 eoa:-

1996 4194 2210 4239 ternum
2244 4204 2256 4238 :
2291 4189 2346 4238 ct
2378 4183 2433 4236 in
2462 4181 2725 4250 Spiritum
2750 4186 3021 4241 sanctum,
3055 4174 3346 4228 Dominum
3371 4181 3424 4226 et
3446 4171 3574 4224 vivi-

1997 4276 2272 4338 ficantem,
2332 4287 2398 4326 es
2463 4269 2625 4324 Patre
2660 4283 2758 4338 per
2805 4267 2999 4320 Filium
3057 4263 3466 4334 procedentem,
3521 4267 3574 4313 rt

1997 4365 2248 4421 eumdem
2275 4363 2442 4418 Deum
2470 4373 2591 4418 esse
2625 4370 2678 4416 et
2705 4358 2964 4428 cognosci
2999 4377 3011 4412 :
3055 4356 3380 4411 Trinitatem
3413 4355 3577 4409 unius

1999 4457 2340 4521 substantiae,
2367 4455 2531 4509 unius
2565 4454 2790 4507 honoris
2819 4465 2872 4506 et
2905 4451 3071 4516 sedis,
3105 4451 3495 4520 sempiternam
3525 4459 3580 4502 et

311 4549 590 4613 ἄκτιστον,
626 4546 735 4600 τῶν
764 4547 979 4600 πάντων
1007 4549 1322 4617 κτισμάτων
1346 4545 1682 4618 δημιουργόν
1707 4564 1720 4576 ’
1762 4548 1881 4618 μίαν

2001 4549 2331 4611 inereatam,
2394 4545 2641 4600 omnium
2707 4554 3086 4599 creaturarum
3153 4541 3508 4596 conditricem
3565 4558 3575 4591 :

312 4642 513 4712 ἀρχὴν,
550 4641 677 4712 μίαν
706 4639 940 4711 θεότητα
970 4640 1066 4692 καὶ
1106 4642 1429 4710 κυριότητα,
1460 4642 1589 4709 μίαν
1618 4641 1896 4710 βασιλείαν

323 4735 411 4786 (αἱ
445 4733 680 4802 δύναμιν
723 4731 820 4785 καὶ⁹
860 4728 1110 4794 ἐξουσίαν
1161 4731 1218 4782 ἐν
1271 4731 1452 4798 τρισὶν
1501 4732 1894 4796 ὑποστάσεσιν,

316 4825 646 4894 ἁδιαιρέτως
686 4821 1096 4894 διαιρουμένην,
1128 4822 1222 4874 καί
1250 4823 1538 4893 ἡνωμένην
1569 4822 1891 4894 διαιρετῶς·

321 4919 396 4987 μὴ
435 4915 494 4981 ἐξ
531 4914 742 4967 ἀτελῶν
796 4913 964 4984 τριῶν
1016 4913 1074 4965 ἐν
1121 4931 1176 4966 τι
1219 4913 1445 4975 τέλειον,
1481 4914 1598 4968 ἀλλ’
1632 4917 1698 4967 ἐκ
1729 4916 1898 4984 τριῶν

315 5009 542 5062 τελείων
577 5007 636 5060 ἓν
665 5007 964 5078 ὑπερτελὲς
1008 5008 1104 5060 καὶ
1138 5007 1477 5078 προτέλειον,
1521 5008 1595 5071 ὡς
1645 5011 1674 5061 ὁ
1729 5010 1901 5078 μέγας

317 5098 426 5168 ἔφη
461 5097 764 5160 Διονύσιος.
815 5099 980 5150 Ὥστε
1031 5097 1174 5150 κατὰ
1221 5097 1323 5167 μὲν
1379 5098 1478 5168 τὴν
1520 5098 1762 5170 ἰδιότητα
1793 5101 1901 5152 τῶν

322 5188 638 5258 προσώπων
663 5189 790 5261 τρία
825 5193 894 5247 τὰ
927 5189 1405 5260 προσκυνούμενα,
1437 5191 1579 5244 κατᾶ
1611 5191 1669 5243 δὲ
1697 5192 1761 5244 τὸ
1789 5209 1903 5245 κοι-

323 5285 413 5336 νὸν
433 5283 530 5353 τῆς
559 5282 777 5352 φύσεως
807 5276 888 5344 εἷς
917 5281 1051 5344 Θεὸς
1091 5281 1311 5334 πάντων
1343 5279 1575 5350 ποιητὴς
1605 5281 1818 5352 ὁρατῶν
1843 5299 1903 5334 τε

325 5375 424 5427 καὶ
456 5373 729 5446 ἀοράτων,
764 5371 982 5426 πάντων
1022 5371 1352 5442 προνοητής.
1403 5370 1683 5440 τυμολογῶ
1707 5372 1764 5424 δὲ
1811 5372 1906 5424 καὶ

324 5469 427 5536 τὴν
465 5466 558 5521 διὰ
605 5465 703 5535 τὴν
754 5463 1031 5535 ἡμετέραν
1069 5463 1343 5534 σωτηρίαν
1377 5463 1466 5515 ἐπ’
1503 5463 1752 5532 ἐσχάτων
1794 5464 1906 5517 τῶν

327 5561 555 5632 ἡμερῶν
583 5558 724 5614 κατά
761 5558 942 5629 σάρκα
967 5559 1224 5629 γέννησιν
1269 5557 1362 5611 τοῦ
1424 5558 1542 5620 ἐνὸς
1591 5558 1690 5626 τῆς
1743 5559 1907 5626 ἁγίας

326 5653 560 5723 Τριάὸος
592 5651 685 5705 τοῦ
716 5650 846 5703 Υίοῦ
878 5651 970 5704 τοῦ
1009 5649 1404 5720 Θεοῦ,.Κυρίου
1438 5650 1492 5702 δὲ
1528 5649 1684 5718 ἡμῶν
1731 5649 1903 5718 Ἰησοῦ

437 5884 480 5916 ⁷³
507 5881 649 5940 Psal.
689 5900 836 5950 xuu,
871 5887 933 5952 5;
970 5884 1127 5940 Rotu.
1176 5902 1226 5948 κ,
1259 5886 1309 5937 8.

1999 4657 2169 4696 unum
2205 4639 2565 4709 principium,
2623 4652 2786 4690 unam
2837 4637 3092 4690 deitatem
3143 4643 3196 4687 et
3243 4632 3579 4686 dominatio-

2001 4747 2148 4794 nem,
2175 4746 2348 4784 unum
2403 4729 2727 4801 imperium,_
2767 4735 3106 4796 potentatum
3150 4735 3197 4778 ct
3252 4732 3578 4794 potestatem

2002 4824 2054 4876 in
2087 4824 2262 4876 tribus
2307 4819 2706 4884 subsistentiis,
2753 4819 3033 4873 individue
3061 4817 3281 4887 quidem
3323 4816 3579 4878 divisam,

2001 4926 2056 4970 et
2087 4915 2258 4970 divise
2281 4912 2490 4966 unitam
2531 4929 2545 4966 :
2590 4926 2698 4966 non
2733 4924 2800 4966 ex
2825 4908 3157 4980 imperfectis
3188 4907 3367 4963 tribus
3407 4924 3577 4963 unum

2000 4997 2227 5078 aliquid'
2259 5004 2558 5076 perfectum
2604 5021 2618 5058 :
2650 5003 2765 5058 'sed
2810 5019 2874 5059 ex
2911 5003 3088 5058 tribus
3119 5001 3379 5072 perfectis
3410 5017 3582 5056 unum

2005 5096 2468 5175 superperfectum
2484 5107 2536 5150 et
2555 5095 2842 5166 plusquam
2860 5093 3160 5164 perfectum
3177 5093 3328 5158 “,uti
3352 5107 3585 5164 magnus

2007 5193 2224 5247 locutus
2259 5199 2342 5245 est
2385 5187 2698 5260 Dionysius.
2747 5187 2938 5257 Itaque
2985 5186 3288 5242 secundum
3341 5188 3584 5256 proprie-

2007 5291 2172 5339 tatem
2228 5296 2587 5352 personarum
2627 5280 2732 5334 tria
2760 5281 2980 5349 quidem
3023 5278 3332 5344 adoranda;
3365 5289 3419 5330 at
3455 5293 3584 5332 vero

2006 5372 2310 5428 secundum
2344 5386 2694 5426 communem
2727 5381 2933 5424 naturze
2965 5370 3234 5423 rationem
3269 5384 3411 5423 llﬂllS
3442 5366 3586 5422 DCIIS

2007 5467 2254 5520 omnium
2287 5463 2464 5518 factor
2494 5463 2795 5518 visibilium
2829 5471 2882 5518 et
2921 5461 3302 5528 invisibilium,
3336 5461 3580 5516 omnium

2009 5559 2282 5627 provisor.
2323 5555 2599 5610 Confiteor
2637 5565 2816 5610 autem
2853 5555 3049 5610 factam
3084 5564 3306 5624 propter
3353 5553 3582 5609 salutem

2011 5662 2250 5703 nostram
2308 5644 2361 5697 in
2419 5645 2732 5697 novissimis
2777 5646 2967 5697 diebus
3029 5646 3327 5697 secundum
3367 5654 3583 5697 carnem

1423 5887 1468 5917 ""
1497 5885 1670 5939 Locus
1705 5883 1998 5946 obscurus,
2035 5893 2084 5935 et
2123 5890 2280 5934 mute
2307 5877 2592 5947 legendus.
