4026 6392
465 350 598 410 14ὺ3

1499 357 1558 415 S.
1598 358 1904 418 TARASII
1949 357 2458 426 PATRIAPcCIl/E
2509 357 2607 416 ΕΡ.

3587 353 3704 419 1461

459 457 794 510 ιιειιὶιὶςξιιοίιι
845 459 1004 514 unius
1057 466 1260 516 sancta}
1295 463 1606 532 Trinitatis,
1655 467 1778 524 Filii
1828 470 2032 525 scilicet

2147 469 2385 538 Χριστοῦ
2437 468 2531 520 καὶ
2579 465 2740 529 Θεοῦ,
2775 466 2838 518 ἐκ
2871 465 2970 536 τῆς
2998 463 3222 536 ἀληθῶς
3263 463 3427 533 ἁγίας
3457 463 3706 523 Θεοτόκον

458 543 552 600 Dei
589 557 638 600 rt
679 548 894 604 Domini
953 553 1126 605 nostri
1177 552 1309 608 Jesu
1365 555 1596 626 Christi.
1657 577 1723 616 ex
1773 564 2035 617 veraciter

458 651 646 695 salcta
705 641 796 695 Dei
847 643 1110 712 genitrice
1155 649 1481 721 semperque
1545 652 1764 724 Virgine
1822 655 2037 711 Maria:

457 733 982 804 consttlrstautialem
1013 735 1232 804 quidem
1273 737 1480 794 factum
1521 745 1682 799 nobis
1709 746 1888 802 modis
1919 763 2042 802 om-

459 812 620 869 nibus
665 817 874 887 absque
911 832 1156 889 peccato,
1185 841 1290 879 non
1323 838 1503 882 autem
1537 831 1878 890 desinentem
1915 852 2038 892 esse

457 905 603 972 quod
641 919 792 973 erat;
836 911 927 963 sed
974 911 1191 970 duabus
1233 920 1446 976 naturis
1484 922 1774 982 inconfuse
1815 941 2041 982 manen-

456 991 626 1058 tibus,
664 1011 766 1048 una
825 1012 948 1050 cum
1011 1003 1443 1061 consistentibus
1492 1008 1544 1062 in
1590 1026 1650 1066 se
1689 1013 1904 1068 duabus
1943 1029 2042 1068 vo-

457 1085 759 1142 luntatibus
799 1097 854 1143 et
894 1093 1352 1160 Operationihus:
1388 1101 1714 1157 crucifixum
1749 1119 1850 1174 pro
1875 1105 2041 1160 nobis

455 1191 642 1242 carne,
683 1188 737 1234 et
791 1183 1092 1254 sepultum,
1125 1195 1181 1241 et
1235 1193 1630 1258 resurrexisse,
1661 1195 1714 1248 in
1763 1197 2042 1268 callesque

455 1271 789 1340 ascendisse,
815 1282 870 1329 et
897 1285 1194 1334 venturum
1223 1281 1476 1351 judicare
1496 1286 1650 1342 vivos
1681 1297 1734 1341 et
1763 1299 2037 1347 mortuos.

453 1357 685 1430 Insuper
706 1378 868 1434 spero
893 1371 1354 1427 resurrectionem
1375 1384 1740 1439 mortuorum.
1765 1387 1817 1433 et
1845 1379 2038 1452 singu-

451 1450 634 1506 lorum
666 1465 948 1524 gestorum
978 1460 1336 1518 redditionem
1368 1465 1488 1538 [Gn
1521 1465 1670 1521 addit
1727 1450 2054 1544 aeternam],

453 1543 728 1601 bonorum
777 1549 1006 1618 scilicet,
1053 1563 1106 1612 et
1132 1555 1218 1610 his
1270 1558 1700 1616 contrariorum.
1767 1543 2039 1632 Expetens

451 1638 619 1692 etiam
691 1640 1116 1702 intercessiones
1171 1632 1537 1706 sanctissima:
1581 1660 1636 1707 et
1703 1654 2040 1716 intemerata:

452 1728 702 1787 Domina:
736 1745 938 1791 nostra:
984 1735 1076 1791 Dei
1112 1737 1412 1796 Genitricis
1440 1751 1494 1798 et
1548 1758 1767 1814 semper
1796 1746 2038 1820 Virginis

2145 564 2240 615 καὶ
2277 560 2667 632 Ἀειπαρθένου
2723 555 2984 628 Μαρίας⁶
3031 556 3388 620 οὐσιωθέντος
3441 556 3534 626 μὲν
3587 561 3710 630 ἡμῖν

2141 651 2341 716 ὁλικῶς
2371 653 2541 723 χωρὶς
2572 650 2870 722 ἁμαρτίας,
2906 649 2982 721 μὴ
3015 649 3312 711 ἐκστάντος
3342 649 3398 700 δὲ
3428 641 3595 720 οὗπερ
3623 647 3707 722 ἦν,

2141 744 2240 798 καὶ
2279 745 2356 807 ὼς
2410 743 2518 796 τῶν
2565 742 2660 796 δύο
2706 742 2925 810 φύσεων
2965 740 3292 811 άσυγχύτων
3339 747 3710 812 μεμενηκυιῶν

2145 835 2288 904 μετὰ
2315 833 2410 887 καὶ
2439 833 2546 886 τῶν
2573 833 2632 886 ἐν
2655 832 2848 896 αύταίς
2880 831 2974 885 δύο
3015 831 3340 902 θελημάτων
3367 848 3427 884 τε
3451 833 3543 885 καὶ
3570 837 3712 906 ἐνερ.

2146 927 2344 997 γειῶν·
2403 925 2818 1000 σταυρωθέντος
2869 941 2932 978 τε
2975 923 3119 996 ὑπὲρ
3171 923 3332 996 ἡμῶν
3391 927 3577 998 σαρκὶ,
3627 931 3715 982 καὶ

2149 1019 2428 1088 ταφέντος,
2457 1018 2554 1073 καὶ
2589 1019 2950 1083 ἀναστάντος,
2977 1019 3056 1081 είς
3086 1015 3354 1088 οὐρανούς
3382 1034 3442 1069 τε
3465 1018 3716 1088 ἀνεληλυ-

2143 1111 2318 1178 θότος,
2351 1113 2449 1166 καὶ
2480 1112 2705 1183 ἥξοντος
2733 1115 2918 1183 κρῖναι
2949 1109 3162 1174 ζῶντας
3191 1109 3286 1162 καὶ
3313 1108 3558 1180 νεκρούς.
3600 1109 3716 1164 Ἐπὶ

2141 1203 2359 1266 τούτοις
2379 1201 2436 1257 δὲ
2464 1201 2757 1275 προσδοκῶ
2781 1202 3082 1257 ἀνάστασιν
3111 1201 3346 1272 νεκρῶν,
3371 1200 3465 1254 καὶ
3495 1201 3715 1256 ἑκάστου

2141 1295 2253 1350 τῶν
2301 1295 2663 1366 πραχθέντων
2706 1295 2935 1348 αἰωνίαν
2973 1293 3250 1349 ἀντίδοσιν
3283 1291 3509 1362 ἀγαθῶν
3540 1311 3598 1346 τε
3627 1296 3718 1349 καὶ

2142 1388 2250 1442 τῶν
2302 1386 2584 1452 ἐναντίων.
2629 1384 2988 1456 Ἐξαιτοῦμαι
3029 1384 3088 1438 δέ
3143 1385 3240 1438 καὶ
3281 1383 3384 1447 τὰς
3428 1383 3716 1452 πρεσϐείας

2143 1481 2242 1552 τῆς
2269 1497 2330 1534 τε
2363 1477 2638 1548 παναγίας
2659 1477 2930 1549 ἁχράντου
2947 1476 3044 1532 καὶ
3062 1474 3459 1548 Ἀειπαρθένου
3484 1477 3714 1546 Μαρίας,

2139 1573 2252 1629 τῶν
2284 1583 2345 1626 τε
2385 1572 2558 1642 ἁγίων
2583 1571 2856 1641 ἀγγέλων,
2888 1569 2984 1624 καὶ
3009 1567 3120 1624 τῶν
3146 1568 3320 1638 άγίων
3342 1567 3570 1634 ἐνδόξων
3593 1570 3719 1622 ἁπο-

2143 1667 2369 1730 στόλων,
2405 1663 2722 1736 προφητῶν,
2776 1661 3100 1734 μαρτύρων,
3131 1660 3496 1731 όμολογητῶν
3533 1677 3592 1714 τε
3633 1663 3719 1714 καὶ

2139 1753 2500 1809 διδασκάλων.
2541 1753 2655 1808 Καὶ
2679 1751 3012 1822 ἀσπάζομαι
3048 1750 3148 1814 τὰς
3198 1752 3406 1815 σεπτὰς
3435 1751 3616 1804 αὐτῶν
3648 1753 3720 1812 εἰν

449 1821 658 1891 Μαι-ἱππ»,
689 1839 1119 1898 sanctorumque
1162 1832 1507 1903 angelorum,
1544 1845 1598 1890 et
1629 1849 1950 1895 sanctorum
1983 1852 2032 1896 et

451 1913 977 1938 -I.‘_Z--2-_E__--.-__A
1008 1936 1050 1938 _-
1086 1936 1099 1938 -
1121 1930 1158 1938 κ.
1205 1923 1216 1938 I
1238 1937 1243 1938 ,
1346 1923 1354 1930 ·
1584 1927 1594 1938 ι

2137 1848 2323 1909 κύνας.
2357 1847 2469 1900 Καὶ
2507 1847 2688 1900 πᾶσαν
2737 1821 3026 1916 αἱρετικὴν
3065 1844 3387 1914 ἐρεσχελίαν
3437 1842 3719 1913 βδελύσσο-

449 1913 982 1981 gloriosissimorum
1004 1923 1404 1992 apostolorum,
1439 1927 1858 1997 prephetarum,
1883 1946 2032 1985 mar-

449 2014 654 2076 tyinm,
691 2010 1099 2081 confessorem,
1133 2026 1182 2071 ct
1221 2017 1612 2087 magistrorum
1645 2019 1984 2098 [doctorum]
2017 2044 2030 2081 :

445 2099 696 2160 salutans
734 2111 788 2159 et
836 2107 1180 2175 venerabiles
1227 2109 1420 2181 iconas
1450 2127 1666 2181 eorum,
1701 2123 1756 2171 et
1811 2131 2030 2173 omnem

448 2192 758 2251 Inereticam
825 2198 1154 2258 abominatis
1227 2205 1656 2272 contentionem,
1716 2224 1930 2271 necnon
1981 2220 2035 2267 et

2146 1957 2266 2009 μαι,
2311 1939 2407 1992 καὶ
2453 1939 2582 2001 τοὺς
2622 1936 2805 1990 αὐτῶν
2847 1935 3131 2006 ήγήτοράς
3169 1953 3228 1988 τε
3273 1936 3368 1990 καὶ
3397 1935 3722 2002 προϐολὲας,

2141 2031 2289 2102 λέγω
2330 2031 2397 2102 δὴ
2443 2031 2688 2102 Σίμωνα,
2733 2029 3066 2100 Μαρκίωνα,
3101 2029 3381 2091 Μάνεντα,
3425 2027 3640 2083 Παῦλόν
3663 2047 3722 2082 τε
3801 2078 3809 2085 .

2141 2123 2232 2178 τὸν
2271 2123 2620 2195 Σαμοσατέα,
2664 2122 2762 2176 καὶ
2798 2119 3090 2175 Σαϐέλλιον
3133 2121 3226 2175 τὸν
3271 2120 3468 2186 Λίϐυν,
3513 2121 3605 2174 καὶ
3657 2122 3724 2177 τὰ

2143 2213 2322 2268 αὐτῶν
2355 2215 2526 2283 ἐναγῆ
2556 2213 2825 2283 δόγματα.

444 2305 638 2346 eorum
683 2290 947 2352 ductores
991 2306 1159 2368 atque
1199 2300 1494 2370 primores,
1531 2303 1845 2364 Simeonem
1884 2308 2154 2377 videlicet,
2187 2309 2546 2374 Marcionem,
2604 2308 2897 2376 Manetem,
2950 2308 3182 2366 Paulum
3248 2321 3476 2380 quoque
3535 2297 3725 2360 Samo-

445 2394 722 2452 satenum,
756 2400 810 2444 et
845 2389 1149 2448 Sabellium
1187 2392 1444 2466 Libyum,
1487 2400 2060 2472 eorumquedogmata
2099 2404 2336 2462 nefaria.

517 2477 744 2548 liccipio
772 2480 939 2534 etiam
982 2491 1203 2546 sanctas
1252 2493 1308 2540 et
1351 2486 1692 2544 universales
1733 2505 1831 2545 sex
1865 2507 2034 2564 syno-

443 2570 565 2634 dos,
603 2581 655 2625 et
685 2582 876 2628 earum
911 2573 1099 2631 divina
1129 2576 1382 2647 dogmata
1416 2580 1625 2649 pariter
1652 2589 1709 2636 et
1730 2582 2033 2652 doctrinas,

443 2671 706 2732 tanquam
733 2680 856 2735 quae
889 2665 1076 2726 divina
1101 2668 1464 2740 inspiratione
1497 2673 1658 2730 nobis
1679 2675 1880 2732 tradita
1912 2676 2034 2734 fue-

441 2756 574 2807 rim.
632 2755 698 2809 Et
755 2773 882 2813 cum
934 2759 1111 2828 prima
1158 2761 1381 2831 quidem
1429 2763 1764 2831 bomousion
1814 2779 1871 2824 et
1923 2785 2032 2825 una

441 2860 567 2898 (tum
604 2845 768 2905 Patre
818 2850 939 2906 sine
973 2851 1131 2907 initio
1174 2852 1376 2909 Filium
1417 2871 1540 2912 esse
1613 2857 1866 2922 credens.
1897 2876 2034 2916 ana-

443 2939 740 2994 thematizo
775 2941 1002 3012 impium
1026 2943 1240 3009 Arium,
1271 2947 1514 3014 Aetium,
1549 2947 1896 3018 Eunomium,
1920 2951 2032 3005 Eu—

443 3030 693 3098 doxium,
719 3039 774 3088 et
805 3032 1185 3106 Demophilum
1233 3057 1247 3093 :
1286 3047 1410 3109 post
1439 3039 1542 3096 hos
1574 3042 1637 3096 'et
1665 3057 1762 3096 eos
1793 3043 1884 3112 qui
1907 3043 2032 3113 jure

441 3118 708 3174 dicuntur
754 3119 1058 3194 Dissimiles
1093 3136 1148 3180 et
1199 3125 1550 3193 Semiariani,
1602 3139 1766 3201 atque
1811 3148 2026 3187 omnem

443 3207 855 3279 Coinquinatam
897 3229 1087 3269 eorum
1125 3225 1426 3272 catervam.
1461 3218 1596 3296 cum
1626 3222 1866 3276 secunda
1901 3238 2029 3278 vero
2056 3207 2098 3266 (ἶ

441 3299 614 3355 Deum
645 3317 768 3358 esse
799 3302 1064 3374 Spiritum
1087 3318 1338 3364 sanctum
1381 3321 1432 3366 et
1464 3309 1853 3368 viviticatorem
1896 3329 2030 3369 con-

445 3397 623 3460 litcns,
669 3397 872 3468 abjicio
923 3398 1302 3458 Macedonium
1363 3414 1418 3458 et
1473 3421 1670 3466 omnes
1724 3409 1818 3478 qui
1869 3411 2032 3466 unius

442 3504 568 3548 eum
600 3487 695 3543 illo
721 3501 850 3546 sunt
883 3508 1102 3560 sensus,
1136 3511 1261 3552 cum
1308 3497 1394 3556 his
1424 3507 1606 3554 autem
1643 3510 1696 3558 et
1724 3499 1833 3555 Deo
1867 3517 2030 3572 pero-

443 3598 565 3636 sum
599 3582 1030 3656 Apollinarium,
1063 3591 1155 3660 qui
1185 3591 1464 3648 insensate
1512 3593 1751 3665 desipuit
1779 3595 1902 3668 [σι’.
1937 3598 2031 3668 qui

443 3677 565 3731 sine
595 3688 779 3734 mente
813 3681 1074 3751 apinatus
1115 3681 1248 3755 est.]
1277 3685 1416 3740 Cum
1453 3687 1610 3741 tertia
1637 3700 1822 3744 autem
1859 3706 2030 3746 unum

442 3767 742 3822 Dominum
795 3768 986 3826 Jesum
1013 3772 1294 3828 Christum
1347 3791 1536 3832 verum
1575 3778 1742 3834 Deum
1778 3792 2030 3838 nostrum

442 3872 509 3910 ex
546 3854 710 3913 Patre
745 3862 1010 3929 genitum,
1053 3865 1418 3936 eumdemque
1465 3869 1518 3924 in
1572 3871 1890 3928 novissimis
1916 3875 2032 3930 die-

443 3951 549 4005 bus
575 3962 795 4022 propter
817 3955 1051 4010 salutem
1079 3967 1322 4014 nostram
1353 3961 1700 4017 inearnatum
1741 3979 1804 4019 ex
1840 3977 2031 4022 sancta

443 4039 539 4096 Dei
577 4043 855 4100 Genitrice
891 4061 1217 4118 semperque
1252 4051 1464 4122 virgine
1487 4051 2028 4126 Maria,pratdicans,

443 4132 687 4190 hominis
717 4135 988 4192 cultorem
1028 4137 1366 4207 Nestorium,
1410 4149 1464 4196 et
1513 4143 1695 4214 bigam
1729 4162 1854 4216 qua:
1881 4148 2029 4204 circa

441 4227 622 4294 ipsum
650 4239 753 4293 est,
791 4231 1082 4286 Diodorum
1126 4233 1199 4287 ait
1231 4249 1296 4288 ac
1322 4232 1696 4304 Theodorum,
1733 4255 1945 4296 necnon
1977 4249 2032 4296 et

452 4339 644 4379 corum
674 4326 1038 4394 prodigiosam
1060 4328 1302 4384 fabulam
1321 4331 1703 4402 praedicantes,
1730 4335 1852 4390 etin
1869 4337 2031 4394 Chri-

443 4428 529 4472 sto
590 4420 939 4487 persooalem
990 4421 1314 4478 dualitatem
1365 4421 1692 4493 formantes,
1751 4431 1945 4498 procul
1998 4447 2027 4485 a

441 4511 796 4567 confessione
833 4529 953 4574 mea
1001 4516 1226 4584 repello.
1264 4516 1532 4574 Praeterea
1563 4535 1690 4575 cum
1727 4533 1923 4592 quarta
1959 4540 2024 4579 ex

441 4605 658 4660 duabus
700 4607 912 4662 naturis
955 4616 1009 4662 ct
1038 4607 1092 4662 in
1134 4607 1350 4664 duabus
1375 4613 1590 4667 naturis
1613 4629 1786 4667 unum
1817 4621 2056 4670 sanctat.

440 4699 730 4756 'l‘rinitatis
778 4701 1064 4757 Christum
1095 4701 1261 4757 Deum
1289 4713 1538 4759 nostrum
1581 4720 1750 4769 carne
1807 4707 2028 4763 venisse

438 4793 704 4858 sentiens,
762 4794 1170 4849 anathematizo
1238 4779 1618 4866 Eutychetem,
1673 4796 2022 4866 Dioscorurn,

437 4895 492 4938 et
532 4896 700 4940 totam
747 4885 992 4954 ipsorum
1039 4886 1156 4942 sine
1200 4889 1378 4958 capite
1416 4887 1849 4955 multitudinem,
1915 4906 2024 4946 una

342 5047 348 5052 ⁷
437 4993 563 5032 runt
598 4979 866 5039 divinitus
885 4979 1230 5036 l'ulminando
1263 4982 1492 5048 Severo,
1511 4992 1567 5036 et
1597 4980 1822 5038 infando
1847 4981 2025 5038 Julia-

437 5087 508 5131 no
551 5069 995 5139 llaliraroasseo,
1029 5072 1122 5141 qui
1168 5073 1414 5128 fabulose
1447 5071 1741 5128 Dominum
1770 5084 2019 5128 nostrum

389 5201 393 5206 ι
437 5163 820 5233 incorruptum
846 5181 1049 5234 corpus
1081 5167 1395 5235 suscepisse
1435 5167 1729 5236 perhibuit.
1779 5165 2024 5238 Denique

438 5255 490 5308 in
527 5257 741 5325 quinta,
793 5273 917 5328 qua:
953 5257 1097 5312 sicut
1143 5259 1410 5313 machmra
1458 5258 1689 5328 spiritus
1735 5260 1788 5313 in
1829 5276 2024 5330 super-

438 5347 557 5405 ficie
604 5349 1016 5417 quodauunodo
1050 5367 1113 5404 ex
1159 5351 1435 5420 prioribus
1478 5353 1823 5422 temporibus
1866 5358 2024 5408 navi-

406 5447 632 5508 ‘gantes
689 5441 910 5511 iniquas
966 5441 1191 5496 rescidit
1261 5442 1523 5503 hiem-ses,
1591 5451 1646 5496 et
1705 5442 2022 5501 inventores

437 5529 695 5600 patefecit
724 5549 938 5598 earum,
981 5531 1270 5602 Origenem
1303 5531 1578 5595 videlicet,
1619 5541 1674 5586 et
1700 5531 2012 5603 Didymum,

437 5634 488 5680 ut
536 5624 870 5695 Evagrium;
921 5625 991 5678 ita
1045 5634 1099 5678 et
1134 5637 1234 5694 ego
1263 5623 1384 5688 llas,
1425 5632 1616 5690 utpote
1670 5634 2020 5694 portentosas

436 5716 822 5771 litcrt‘lit'ntttm
873 5715 1263 5782 fabulationcs,
1300 5715 1526 5786 repello.
1577 5715 1751 5773 Porro
1775 5735 1871 5789 per
1907 5735 2021 5776 sex-

436 5819 549 5866 tam
598 5812 735 5864 sicut
766 5827 828 5864 ex
881 5809 1093 5866 duabus
1135 5811 1343 5866 naturis
1381 5808 1686 5876 Christum,
1715 5829 1776 5868 ex
1822 5814 2020 5882 quibus

2223 2493 2586 2566 Ἀποδέχομαι
2627 2494 2686 2549 δὲ
2727 2494 2826 2548 καὶ
2867 2493 2966 2558 τὰς
3006 2493 3173 2562 ἁγίας
3203 2493 3297 2546 καὶ
3335 2493 3726 2562 οίκουμενιτιᾶς

2137 2586 2199 2652 ἓξ
2248 2587 2524 2654 συνόδους,
2573 2587 2668 2641 καὶ
2725 2587 2796 2643 τὰ
2849 2585 3034 2640 αὐτῶν
3088 2585 3212 2638 θεῖα
3265 2583 3521 2654 δόγματά
3548 2601 3606 2636 τε
3635 2585 3724 2638 καὶ

2135 2681 2465 2751 διδάγματα,
2513 2681 2590 2744 ὼς
2634 2681 2758 2751 θείᾳ
2807 2678 3112 2750 ἐμπνεύσει
3149 2679 3284 2749 ἡμῖν
3317 2675 3722 2748 παραδοθέντα.

2135 2773 2250 2827 Καὶ
2269 2772 2370 2842 τῆς
2393 2773 2495 2844 μέν
2527 2775 2754 2844 πρώτης
2783 2771 3072 2843 όμοούσιον
3096 2771 3196 2824 καὶ
3219 2771 3570 2842 συνάναρχον
3589 2766 3725 2825 εἶναι

2139 2863 2524 2936 κηρυττούσης
2565 2862 2643 2934 τῷ
2678 2865 2857 2936 Πατρὶ
2896 2863 2989 2916 τὸν
3025 2862 3178 2927 Υίὸν,
3207 2860 3609 2931 άναθεματίζω
3639 2860 3727 2914 τὸν

2137 2954 2394 3026 δυσσεϐῆ·
2435 2956 2680 3026 Ἀρειον,
2756 2953 2984 3019 Ἀέτιον,
3038 2951 3316 3018 Εὑδόξιον,
3371 2952 3722 3023 Δημόφιλον

2141 3047 2261 3118 μεθ’
2286 3047 2380 3112 οὒς
2413 3049 2510 3102 καὶ
2537 3046 2664 3110 τοὺς
2691 3045 2918 3109 ἐνδίκως
2945 3045 3276 3116 λεγομένους
3330 3045 3650 3114 Ἀνομοίους
3669 3061 3726 3096 τε

2138 3139 2234 3194 καὶ
2279 3138 2657 3210 Ἦμιαρείους,
2693 3137 2788 3190 καί⁸
2823 3137 3005 3190 πᾶσαν
3035 3137 3136 3207 τὴν
3193 3137 3594 3208 μεμιασμένην
3627 3137 3726 3205 ὁμ-

2132 3230 2332 3300 ήγυριν
2361 3229 2686 3300 αὐτῶν.Τῆς
2703 3229 2758 3283 δὲ
2781 3227 3062 3300 δευτέρας,
3092 3227 3228 3281 Θεὸν
3244 3223 3384 3280 εἶναι
3415 3227 3482 3281 τὸ
3507 3226 3728 3298 Πνεῦμα

2131 3321 2195 3374 τὸ
2237 3319 2414 3388 ἅγιον,
2463 3319 2524 3374 τὸ
2571 3319 2777 3390 Κύριον
2813 3318 2911 3372 καὶ
2957 3317 3288 3383 ζοωποιοῦν,
3336 3318 3726 3386 ἅττ-,ϐάλλομαι

2131 3413 2466 3468 Μακεδόνιον
2496 3412 2592 3466 καὶ
2631 3411 2842 3474 πάντας
2872 3411 3002 3474 τοὺς
3039 3412 3353 3482 ὁμόφρονας
3403 3409 3582 3482 αὐτῷ.
3627 3410 3737 3462 Σὺν

2132 3505 2344 3569 τούτοις
2375 3504 2431 3558 δὲ
2454 3504 2549 3558 καὶ
2571 3504 2663 3558 τὸν
2695 3499 2968 3572 θεοστυγῆ
3005 3501 3410 3574 ’Δπολινάριον,
3446 3503 3544 3556 τὸν
3577 3502 3729 3572 ἀνοή-

2133 3613 2241 3660 τως
2282 3597 2651 3668 φρονήσαντα,
2707 3594 2820 3664 Τῆς
2873 3593 2930 3646 δέ
2987 3583 3205 3663 τρίτης,
3235 3593 3334 3646 ἕνα
3387 3593 3486 3646 τὸν
3521 3593 3731 3662 Κύριον

2134 3687 2294 3758 ἡμῶν
2339 3685 2550 3757 Ἰησοῦν
2579 3684 2818 3758 Χριστὸν
2850 3682 2954 3737 τὸν
2987 3683 3244 3752 ἀληθινὸν
3287 3683 3428 3736 θεὸν
3461 3683 3624 3754 ἡμῶν
3668 3686 3727 3736 ἐκ

2133 3777 2226 3832 τοῦ
2271 3778 2486 3850 Πατρὺς
2517 3777 2872 3848 γεννηθέντα,
2909 3776 3075 3830 αὐτόν
3106 3793 3166 3830 τε
3205 3777 3292 3829 ἐπ’
3316 3777 3572 3846 ἐσχάτων
3620 3775 3728 3828 τῶν

2135 3871 2362 3943 ἡμερῶν
2387 3871 2480 3926 διὰ
2514 3871 2616 3942 τὴν
2647 3871 2926 3942 ἡμετέραν
2960 3869 3243 3940 σωτηρίαν
3275 3868 3642 3939 σαρκωθέντα
3667 3869 3728 3921 ἐκ

2132 3969 2236 4036 τῆς
2269 3965 2427 4034 ἁγίας
2473 3963 2740 4018 Θεοτόκου
2797 3963 2893 4018 καὶ
2932 3961 3325 4033 ’Δειπαρθένου
3355 3961 3610 4032 Μαρίας,
3640 3959 3728 4014 τὸν

2133 4057 2600 4129 ἀνθρωπολάτρην
2639 4057 2935 4126 Νεστόριον
2962 4055 3060 4110 καὶ
3086 4055 3190 4126 τὴν
3225 4055 3367 4124 ἀμφ’
3399 4053 3574 4108 αύτδν
3601 4053 3723 4117 ξυν-

2133 4146 2330 4216 ωρίδα,
2395 4147 2540 4216 φημὶ
2585 4145 2651 4218 δὴ
2701 4145 2968 4215 Διόδωρόν
3023 4161 3083 4198 τε
3147 4145 3240 4198 καὶ
3291 4145 3600 4214 Θεόδωρον,
3637 4142 3729 4195 καὶ

2133 4241 2260 4305 τοὺς
2306 4239 2407 4310 τὴν
2452 4239 2633 4295 αὐτῶν
2681 4236 3084 4308 τερατομυθίαν
3135 4235 3619 4306 πρεσϐεύσαντας,
3655 4234 3729 4296 ὡς

2133 4333 2436 4402 κινήσαντας
2495 4331 2589 4384 ἐπὶ
2635 4328 2875 4400 Χριστοῦ
2937 4328 3038 4398 τὴν
3109 4325 3478 4397 προσωὴικὴν
3536 4324 3726 4386 δυάδα,

2135 4423 2327 4495 πὸῤῥω
2347 4423 2448 4492 τῆς
2483 4421 2624 4492 ἐμῆς
2653 4421 2947 4492 ὁμολογίας
2989 4420 3238 4475 ἐκδιώκω
3265 4439 3277 4453 ·
3313 4420 3414 4490 τῆς
3441 4420 3500 4474 δὲ
3533 4419 3729 4487 τετάρ-

2133 4531 2254 4584 της,
2276 4514 2341 4566 ἐκ
2362 4513 2458 4567 δύο
2486 4513 2702 4583 φύσεων
2743 4511 2884 4566 εἶναι
2909 4515 3001 4567 τὸν
3031 4514 3130 4568 ἕνα
3167 4514 3266 4584 τῆς
3294 4514 3465 4582 άγίας
3494 4512 3728 4582 Τριάδος

2130 4603 2372 4674 Χριστὸν
2401 4604 2492 4657 τὸν
2525 4603 2660 4657 Θεὸν
2698 4604 2859 4675 ἡμῶν
2896 4605 3064 4674 σαρκὶ
3099 4604 3567 4675 ἐπιδημήσαντα,
3595 4605 3728 4656 ἁνα-

2132 4698 2414 4769 θεματίζω
2441 4699 2710 4770 Εὑτυχέα,
2743 4699 3058 4770 Διόσκορον,
3099 4699 3194 4753 καὶ
3227 4700 3413 4752 πᾶσαν
3455 4699 3562 4768 τὴν
3598 4697 3724 4750 ἀκέο

2131 4791 2303 4862 φαλον
2327 4792 2510 4846 αὐτῶν
2543 4792 2777 4863 πληθὺν,
2815 4793 2956 4862 μετὰ
2995 4792 3088 4846 καὶ
3124 4791 3366 4862 Σεϐήρου
3394 4791 3495 4844 τοῦ
3530 4790 3726 4861 θεηλά-

2128 4903 2247 4950 του,
2299 4885 2394 4938 καὶ
2452 4884 2550 4938 τοῦ
2587 4886 2854 4956 ἀθεμίτου
2895 4885 3186 4940 Ἰουλιανοῦ
3218 4886 3313 4939 τοῦ
3361 4887 3728 4956 Ἀλικαρνασ-

2132 4979 2291 5041 σέως,
2316 4978 2408 5032 τοῦ
2444 4979 2859 5048 μυθευσαμένου
2894 4979 3174 5050 ἄφθαρτον
3207 4979 3366 5048 σῶμα
3393 4979 3491 5031 τὸν
3523 4978 3728 5047 Κύριον

2127 5071 2288 5144 ἡμῶν
2335 5071 2544 5142 Ἰησοῦν
2595 5072 2832 5141 Χριστὸν
2868 5071 3262 5127 ἀναλαϐέσθαι.
3301 5070 3416 5140 Τῆς
3470 5071 3532 5124 δὲ
3586 5070 3726 5138 πέμ.

2131 5183 2294 5236 πτης,
2317 5167 2394 5228 ὡς
2429 5165 2463 5236 ἡ
2493 5163 2586 5218 τοῦ
2630 5161 2950 5235 Πνεῦματος
2981 5159 3234 5232 μάχαιρα
3279 5163 3377 5224 τὰς
3419 5162 3484 5226 ἐξ
3514 5161 3726 5216 ἄνωθεν

2126 5259 2236 5311 τῶν
2292 5258 2502 5330 χρόνων
2557 5255 2999 5320 ἐπιπολαζούσας
3039 5257 3315 5324 ἀθέσμους
3357 5254 3608 5323 αἱρέσεις
3641 5252 3726 5317 ἐξ·

2125 5349 2308 5418 έτεμε,
2330 5347 2564 5408 καὶτοὺς
2592 5347 2895 5416 ἐφευρετὰς
2917 5345 3101 5399 αὐτῶν
3119 5344 3554 5414 ἐθριάμϐευσεν,
3587 5343 3722 5412 Ὦρι-

2122 5443 2312 5513 γένην,
2337 5440 2575 5512 Δίδυμόν
2603 5457 2664 5494 τε
2705 5439 2802 5494 καὶ
2858 5439 3157 5510 Εὐάγριον,
3199 5436 3360 5506 κάγὼ
3405 5435 3726 5507 ἐξωθοῦμαι

2130 5535 2207 5598 ὡς
2253 5533 2551 5604 αἱρετικῶν
2577 5532 2994 5605 τερετισμάτων
3046 5530 3219 5604 [ἀλλ.
3251 5524 3723 5600 τερατευμάτων]

2133 5628 2482 5698 μυθεύματα.
2535 5626 2647 5696 Τῆς
2705 5625 2762 5678 δὲ
2805 5625 2994 5698 ἕκτης,
3029 5625 3219 5696 ὥσπερ
3258 5625 3323 5676 ἐκ
3377 5622 3477 5674 δύο
3509 5621 3729 5692 φύσεων

2130 5722 2217 5772 τὶν
2252 5720 2508 5790 Χριστὸν,
2543 5718 2602 5784 ἐξ
2633 5712 2708 5774 ὧν
2739 5721 2910 5785 ἐστιν,
2941 5717 3115 5782 οῦτως
3143 5719 3238 5772 καὶ
3287 5715 3384 5776 τὰς
3415 5713 3519 5767 δύο
3568 5732 3730 5784 φυσιο

2130 5797 2231 5876 κέές
2296 5813 2543 5884 θελήσεις
2593 5832 2648 5866 τε
2707 5813 2800 5870 καὶ
2834 5813 3118 5886 ἐνεργείας
3160 5815 3215 5866 ἐν
3274 5813 3516 5883 ἑκατέρᾳ
3568 5809 3728 5879 φύσει
