4026 6386
307 373 437 446 1455

1746 386 1863 445 ΕῙἾ
1874 387 2002 446 STC
2020 390 2150 449 LE.

3445 401 3582 467 ll‘jﬁ

305 511 664 578 πεπίστευκα,
698 511 1016 584 ἀνθρωπίνῃ
1049 530 1103 566 τε
1134 518 1224 566 καὶ
1253 516 1428 588 Osi/.33..
1463 519 1501 570 Κ
1516 517 1570 572 αὶ
1603 519 1889 573 causam.)

1995 511 2042 554 t't
2075 513 2181 562 est,
2209 505 2340 559 olim
2385 523 2506 563 esse
2555 509 2851 565 didiceram
2885 529 2899 576 ;
2936 512 3014 566 ita
3049 521 3103 566 et
3143 513 3278 570 duas
3299 519 3582 573 naturales

304 607 377 676 τῷ
427 605 732 676 ἀναθέματι
780 605 987 676 Κῦρον,
1031 607 1279 678 Σέργιον,
1327 610 1602 680 Ὀνιὺριον,
1646 611 1886 684 Πύρρον,

306 698 536 760 Πλῦλον,
566 699 661 752 καὶ
695 699 906 764 πάντας
941 701 1066 763 τοῦς
1100 701 1396 772 ὁμοδόξους
1437 705 1645 768 αὐτοῖς,
1674 706 1770 758 καὶ
1804 707 1872 760 τὰ

304 792 478 846 αᾷτῶν
505 791 774 862 δόγματα,
790 791 866 856 ὡς
890 792 1184 862 Σοδομίνην
1210 794 1457 864 ἄμπελον
1483 797 1576 850 καὶ
1594 797 1632 848 Γ
1635 798 1881 868 ομορρηη

304 885 399 952 νὴν
433 883 742 953 κληματίδα
787 883 1020 954 ἔχουσαν
1054 884 1251 956 βότρυν
1298 887 1527 958 πικρίας
1575 889 1882 958 μεμίσηκά.

303 977 412 1046 ἰ’ἧς
449 977 504 1029 δὲ
557 977 733 1047 αὐτῆς
791 977 955 1045 ἁγίας
1011 979 1178 1049 ἕκτης
1224 980 1467 1045 συνόδου,
1502 982 1640 1052 μετὰ
1670 981 1890 1036 πάντων

303 1067 408 1119 τῶν
436 1067 716 1136 ὲνθέσμως
745 1068 839 1121 καὶ
866 1067 1104 1132 θειωδῶς
1129 1069 1558 1140 ἐκφωνηθέντων
1597 1071 1885 1140 δογμάτων

303 1161 434 1229 παρ’
470 1160 663 1230 αὐτῆς,
691 1161 785 1213 καὶ
835 1161 967 1222 τοὺς
1017 1159 1339 1226 ἐκδοθέντας
1367 1165 1596 1227 κανόνας
1621 1165 1886 1234 ἀποδέχο-

308 1272 424 1321 μαι,
461 1255 520 1306 ἐν
549 1247 630 1317 οἷς
654 1247 958 1325 ἐμφέρεται
979 1271 992 1286 '
1025 1254 1084 1308 ἐν
1126 1273 1238 1310 τισι
1264 1258 1373 1311 τῶν
1415 1260 1631 1313 σεπτῶν
1660 1261 1886 1314 εἰκόνων

307 1345 550 1411 γραφαῖς
584 1343 756 1410 ἀμνὸς
787 1344 1040 1415 δακτύλῳ
1067 1344 1160 1399 τοῦ
1187 1347 1500 1418 προδρόμου
1535 1349 1888 1420 δεικνύμενος

305 1432 724 1502 ἑγχαράττεται,
755 1432 814 1497 ὃς
839 1436 918 1498 εὶς
951 1436 1120 1489 τύπον
1149 1438 1476 1510 παρελήφθη
1507 1440 1608 1509 τῆς
1641 1442 1888 1512 χάριτος,

304 1525 396 1580 τὴν
443 1524 700 1593 ἀληθινόν
742 1526 874 1594 ἡμῖν
919 1526 1009 1580 διὰ
1049 1528 1220 1598 νόμου
1249 1533 1688 1602 προῦποφαίνων
1716 1535 1889 1604 ἀμνόν
1931 1589 1936 1594 ,

304 1616 540 1686 Χριστὸν
567 1616 658 1670 τὸν
689 1617 826 1672 Θεὸν
859 1618 1036 1690 ήμῶν.
1068 1622 1207 1683 Τοὺς
1233 1619 1325 1676 οῦν
1375 1623 1644 1688 παλαιοὺς
1679 1623 1886 1689 τύπους

306 1710 401 1762 καὶ
428 1711 529 1772 τάς
556 1710 736 1774 σκιάς,
765 1711 841 1774 ὡς
866 1712 966 1782 τῆς
994 1712 1256 1783 ἀληθείας
1280 1715 1527 1785 σύμϐολά
1545 1734 1603 1768 τε
1634 1717 1728 1770 καὶ
1755 1735 1888 1786 προσ

2001 594 2306 651 ν.ι1υιιιαιιέ
2357 606 2412 652 et
2443 601 2797 668 Operatioues
2832 603 2948 672 ejus
3001 604 3057 658 in
3105 615 3339 677 utraque
3381 619 3580 666 natura

2000 686 2231 751 credidi,
2289 689 2527 745 humana
2583 693 2792 749 scilicet
2836 707 2892 750 et
2933 697 3118 752 divina
3191 698 3580 771 Submittoque

1998 777 2334 832 anathemati
2387 781 2591 852 Cyrum
2626 794 2680 838 et
2753 783 3024 859 Sergium,
3075 787 3400 857 llonorium,
3445 789 3578 863 Pyr-

1997 870 2180 937 rbutn,
2206 870 2464 939 Paulum,
2514 885 2568 930 et
2618 893 2811 933 omnes
2871 891 3285 939 ronsectatores
3327 899 3520 939 eorum
3557 903 3580 950 ;_

1991 963 2184 1034 dogma
2214 982 2430 1036 quoque
2475 968 2740 1037 ipsorum,
2781 978 2838 1025 ut
2882 971 3276 1029 Sodomiticam
3303 975 3492 1042 vitem,
3520 986 3576 1030 et

1993 1055 2458 1114 Gomorrhiticam
2512 1063 2886 1132 propaginem,
2935 1065 3323 1122 amaritudinis
3351 1068 3574 1140 botryo-

1994 1165 2115 1203 nem
2161 1149 2446 1216 habentes,
2505 1152 2672 1208 odivi.
2727 1152 2906 1224 Ipsius
2953 1166 3133 1210 autem
3171 1166 3377 1212 sanctae
3410 1170 3576 1214 sextae

1989 1244 2184 1314 synodi
2212 1259 2336 1299 cum
2384 1246 2642 1302 munibus
2685 1247 3054 1316 dogmatibus,
3089 1265 3211 1318 qua:
3239 1250 3486 1318 legaliter
3510 1266 3576 1304 ae

1987 1337 2252 1400 divinitus
2273 1339 2343 1392 ab
2364 1353 2426 1393 ea
2461 1338 2807 1410 promulgata
2843 1349 2990 1408 sunt,
3023 1342 3191 1396 etiam
3221 1341 3575 1412 depromptos

1989 1444 2229 1484 canones
2261 1429 2490 1500 recipio,
2519 1431 2570 1484 in
2603 1433 2805 1502 quibus
2834 1433 3068 1489 refertur
3101 1452 3114 1488 :
3149 1436 3207 1489 ln
3240 1436 3574 1506 quibusdam

1989 1521 2383 1576 venerabilium
2418 1522 2720 1593 imaginum
2757 1525 2990 1594 picturis
3022 1542 3197 1597 agnus
3234 1529 3409 1599 digito
3439 1546 3576 1598 prte-

1991 1612 2235 1667 cursoris
2266 1621 2528 1668 exaratur
2553 1623 2837 1681 ostensus,
2873 1617 2968 1686 qui
2993 1619 3050 1672 in
3081 1619 3262 1688 ﬁgura
3295 1621 3577 1689 prazeessit

1992 1702 2198 1772 gratia),
2221 1718 2409 1758 verum
2439 1706 2592 1760 nobis
2619 1723 2714 1776 per
2743 1709 2914 1778 legem
2935 1710 3322 1768 demonstrans
3349 1727 3576 1784 agnum,

307 1803 660 1872 χαράγματα,
691 1805 757 1874 τῇ
784 1803 1084 1878 Ἐκκλησία
1106 1807 1581 1878 παραδεδομένους
1607 1826 1891 1862 κατασπα-

1995 1797 2270 1854 Christum
2303 1801 2556 1858 videlicet
2579 1803 2874 1860 Dominum
2895 1815 3170 1862 nostrum.
3197 1807 3422 1864 Veteres
3447 1823 3578 1879 ergo

304 1894 546 1964 ζόμενοι,
576 1896 676 1966 τὴν
709 1896 870 1968 χάριν
916 1898 1284 1970 προτιμῶμεν
1334 1901 1430 1954 καὶ
1463 1902 1564 1972 τὴν
1606 1903 1890 1974 ἀλήθειαν,

305 1987 381 2050 ὼς
417 1986 690 2058 πλήρωμα
717 1988 886 2058 νόμου
913 1989 1119 2060 ταύτην
1140 1991 1562 2062 ὑποδεξάμενοι·
1593 1995 1670 2058 ὡς
1707 1995 1774 2048 ἂν
1797 1991 1893 2050 οῦν

304 2078 364 2132 τό
398 2078 604 2132 τέλειον
633 2079 728 2132 καὶ
757 2081 815 2132 ἐν
848 2083 970 2144 τατς
1003 2084 1488 2154 χρωματουργίαις
1515 2087 1572 2138 ἐν
1611 2089 1729 2150 ταῖς
1754 2087 1892 2140 πάν·

302 2188 413 2224 των
441 2171 629 2242 ὄψεσιν
648 2173 1058 2244 ὑπογράφηται,
1081 2175 1174 2228 τὸν
1196 2175 1290 2229 τοῦ
1317 2177 1565 2248 αἴροντος
1590 2179 1690 2250 τὴν
1713 2181 1894 2250 ἀμαρο

303 2265 430 2317 τίαν
457 2264 550 2317 τοῦ
578 2266 787 2336 κόσμου
811 2265 985 2336 ἀμνοῦ
1014 2267 1250 2338 Χριστοῦ
1279 2269 1373 2322 τοῦ
1401 2270 1538 2324 Θεοῦ
1569 2271 1726 2342 ἡμῶν
1753 2272 1894 2327 κατά

304 2357 398 2408 τὸν
441 2356 788 2428 ἀνθρώπινον
833 2359 1162 2430 χαρακτῆρα
1185 2360 1278 2413 καὶ
1307 2362 1363 2414 ὲν
1388 2363 1510 2424 ταῖς
1549 2363 1755 2416 εἰκόσιν
1785 2364 1893 2416 ἀπὸ

303 2449 402 2501 τοῦ
435 2449 534 2502 νῦν
567 2451 688 2503 ἀντὶ
717 2450 810 2504 τοῦ
850 2451 1084 2506 παλαιοῦ
1121 2453 1294 2523 ἀμνοῦ
1319 2454 1752 2524 ἀναστηλοῦσθαι
1778 2457 1894 2528 όρί-

303 2544 507 2609 ξομεν·
551 2541 618 2595 δι’
648 2542 813 2596 αὑτοῦ
843 2542 903 2596 τὸ
931 2544 1030 2614 τῆς
1059 2543 1442 2608 ταπεινώσεως
1470 2545 1601 2614 ὕψος
1633 2545 1726 2600 τοῦ
1754 2545 1890 2600 Θεοῦ

301 2633 468 2692 λόγου
504 2633 917 2698 κατανοοῦντες,
960 2633 1056 2688 καὶ
1086 2635 1224 2706 πρὸς
1256 2637 1478 2706 μνήμην
1510 2639 1609 2707 τῆς
1637 2638 1696 2690 ἐν
1727 2639 1892 2708 σαρκὶ

302 2725 605 2788 πολιτείοις,
641 2725 736 2779 τοῦ
774 2743 833 2778 τε
866 2727 1073 2792 πάθους
1121 2727 1286 2783 αὑτοῦ
1327 2729 1423 2782 καὶ
1475 2729 1571 2783 τοῦ
1622 2731 1889 2800 σωτηρίου

301 2819 541 2873 θανάτου
579 2820 1108 2890 χειραγωγούμενοι,
1144 2823 1241 2875 καὶ⁸
1286 2823 1385 2893 τῆς
1434 2822 1686 2876 ἐντεῦθεν
1739 2841 1890 2892 γενο-

263 2911 483 2981 ’μένης
537 2910 615 2980 τῷ
663 2912 854 2982 κόσμῳ
902 2911 1375 2982 ἀπολυτρώσεως.-
1411 2913 1490 2966 Τά
1543 2914 1599 2968 δὲ
1657 2915 1890 2985 περιττά

301 3001 666 3072 θρυλλήματά
697 3019 757 3054 τε
791 3001 885 3054 καὶ
921 3001 1339 3074 βατταρίσματα
1361 3005 1498 3074 μετά
1526 3006 1697 3058 ταῦτα
1732 3005 1892 3059 ὁδούς

300 3093 411 3156 leo;
445 3094 856 3164 ὲκφωνηθέντα,
903 3095 978 3158 ὼς
1029 3095 1160 3166 παρ’
1189 3097 1316 3166 ὑμῖν
1381 3097 1456 3167 μὴ
1501 3097 1864 3166 ἀποδεχθέντα

304 3186 446 3257 μηδὲ
494 3185 638 3240 κατά
683 3186 834 3248 θείαν
875 3189 1036 3258 χάριν
1086 3187 1416 3257 λαληθέντα,
1447 3189 1682 3243 ἀϐέϐαια
1727 3190 1890 3258 ἠγοῦ-

301 3296 423 3347 μαι.
481 3279 590 3332 Καὶ
629 3277 840 3348 χαίρειν
889 3278 1099 3342 τούτοις
1145 3279 1414 3343 εἰπόντες,
1476 3282 1571 3333 καὶ
1647 3281 1891 3334 ἐκποδὼν

300 3371 692 3443 ποιησάμενοι,
739 3370 1154 3441 διαζωννύμεθα
1190 3371 1289 3435 τὰς
1343 3370 1554 3440 ὀσφύας
1594 3373 1753 3442 ἡμῶν
1793 3374 1890 3442 τῆς

295 3463 542 3526 διανοίας
573 3464 632 3516 ὲν
665 3461 916 3534 ἀληθείᾳ,
951 3464 1044 3516 καὶ
1076 3462 1472 3532 διανιπάμεθα
1518 3463 1636 3535 ἀμα
1669 3466 1779 3527 τοῖς
1803 3466 1892 3517 εὑ-

299 3554 490 3610 σεϐέσι
523 3555 831 3626 προμάχοις
877 3556 974 3624 τῆς
1005 3553 1270 3624 ἀληθείας
1317 3558 1530 3619 πιστοῖς
1581 3555 1891 3626 βασιλεῦσιν

295 3647 465 3723 ήμῶν
519 3648 656 3718 πρὸς
705 3646 899 3700 ἕνωσιν
928 3645 1026 3712 τῆς
1057 3646 1218 3714 άγίας
1266 3647 1360 3700 τοῦ
1412 3647 1546 3701 Θεοῦ
1597 3648 1891 3719 καθολικῆς

307 3740 684 3811 Ἐκκλησίας·
721 3740 816 3804 οὓς
869 3742 964 3794 καὶ
1002 3741 1222 3794 σύνοδον
1278 3741 1532 3809 γενέσθαι
1581 3743 1894 3810 οἰκουμενι-

296 3833 407 3902 κὴν
443 3832 770 3903 ᾐτησάμεθα
819 3832 914 3884 ἐπὶ
971 3832 1244 3902 παρουσίᾳ
1279 3833 1482 3894 παντὸς
1521 3832 1614 3885 τοῦ
1649 3831 1893 3904 φιλοχρί-

298 3942 435 3980 στου
475 3925 656 3978 αὐτῶν
702 3923 833 3978 λαοῦ
855 3941 869 3954 θ
907 3924 1000 3976 καὶ
1031 3925 1094 3994 τῇ
1125 3922 1370 3995 ἡμετέρᾳ
1403 3925 1617 3992 αἰτήσει
1650 3925 1892 3987 εὐσεϐῶς

296 4017 640 4071 ἐπένευσανο
669 4016 792 4070 ὅθεν
837 4017 982 4087 ὑμᾶς
1032 4017 1160 4079 τοὺς
1199 4035 1218 4066 ι
1244 4015 1770 4086 ὲποικοδομηθέντας
1800 4017 1892 4070 ἐπὶ

295 4107 378 4179 τῷ
415 4107 653 4178 θεμελίῳ
701 4105 812 4160 τῶν
864 4105 1181 4160 ἀποστόλων
1225 4107 1318 4158 καὶ
1367 4107 1686 4176 προφητῶν,
1740 4107 1892 4170 ὄντος

294 4199 706 4269 ἀκρογωνιαίου
768 4197 936 4251 αὑτοῦ
979 4195 1156 4267 Ἰησοῦ
1221 4195 1526 4264 Χριστοῦ,›
1590 4196 1774 4261 καθὼς
1834 4199 1893 4252 ἐν

297 4293 418 4354 τοῖς
463 4289 700 4359 πρόσθεν
749 4290 983 4360 εἴρηται,
1041 4288 1363 4359 συμμάχους
1415 4289 1509 4342 καὶ
1562 4289 1893 4354 συνοπαδοὺς

297 4387 401 4438 καλ⁸
439 4382 816 4444 συνασσπιστάς
859 4382 1172 4452 λαϐόμενοι,
1206 4401 1223 4432 ι
1257 4382 1586 4451 πεποίθησιν
1631 4384 1893 4452 τοιαύτην

1833 3141 1960 3200 Ϊ⁹Ο

1995 1891 2199 1961 figuras
2235 1901 2290 1947 et
2319 1891 2562 1958 umbras,
2598 1904 2786 1964 utpote
2813 1895 3062 1950 veritatis
3083 1896 3321 1963 indicia,
3354 1905 3408 1952 et
3439 1908 3579 1967 pra:-

1995 1983 2250 2040 cedentes
2300 1985 2649 2043 characteres
2702 1987 2957 2043 Ecclesia:
2991 1989 3223 2045 traditos
3248 1991 3576 2059 salutantes,

1996 2075 2224 2144 gratiam
2278 2075 2486 2130 honore
2531 2075 2872 2145 praeferimus
2918 2086 2972 2132 et
3004 2077 3314 2144 veritatem,
3348 2079 3488 2132 hanc
3518 2085 3578 2134 ut

1996 2165 2135 2234 legis
2178 2166 2568 2236 plenitudinem
2619 2168 2994 2223 admittentes.
3029 2167 3099 2224 Ut
3133 2185 3268 2238 ergo
3301 2169 3570 2240 perfectio

1994 2259 2159 2314 etiam
2195 2275 2291 2329 per
2324 2260 2569 2315 colorum
2596 2262 2943 2329 operationes
2979 2261 3032 2315 in
3064 2262 3310 2316 omnium
3335 2263 3578 2320 vultibus

1994 2351 2338 2420 depingatur,
2389 2351 2763 2406 characterem
2810 2353 2949 2422 Agni
2992 2350 3085 2406 Dei
3139 2353 3311 2408 nostri
3345 2353 3574 2419 Christi,

1995 2447 2088 2516 qui
2141 2447 2280 2500 tollit
2307 2454 2525 2515 peccata
2565 2446 2775 2510 mundi,
2823 2447 3124 2501 secundum
3177 2447 3574 2502 humanitatem

1994 2539 2158 2593 etiam
2199 2539 2253 2592 in
2298 2538 2474 2594 iconis
2512 2554 2580 2592 ex
2623 2539 2728 2594 hoc
2761 2555 2860 2609 pro
2901 2541 3068 2594 veteri
3101 2555 3244 2610 agno
3283 2540 3578 2598 deﬁnimus

1993 2629 2247 2700 depingi:
2282 2646 2378 2700 per
2405 2645 2530 2684 eum
2560 2631 2812 2685 videlicet
2849 2631 3224 2687 celsitudinem
3256 2632 3577 2686 humilitatis

1995 2721 2090 2776 Dei
2122 2721 2281 2778 Verbi
2310 2724 2746 2788 considerantes,
2779 2734 2830 2778 et
2870 2725 2936 2778 ad
2975 2725 3294 2778 memoriam
3332 2739 3574 2780 conver-

1994 2817 2226 2873 sationis
2256 2834 2420 2887 quam
2463 2816 2516 2870 in
2555 2833 2720 2872 carne
2753 2818 2944 2887 gessit,
2976 2817 3247 2888 paSsionis
3265 2833 3487 2888 quoque
3511 2832 3578 2872 ac

1993 2910 2251 2964 salutaris
2284 2909 2475 2964 mortis
2525 2910 2646 2979 ejus
2685 2909 2928 2976 adducti,
2969 2919 3133 2978 atque
3181 2909 3576 2979 redemptionis

1995 3019 2118 3072 quae
2159 3003 2287 3058 hinc
2309 3012 2392 3056 est
2430 3007 2637 3056 mundo
2661 3003 2872 3057 effecta.
2921 3001 3237 3072 Superﬂuas
3271 3012 3450 3055 autem
3491 3014 3580 3056 tu-

1995 3097 2388 3152 multuatioues
2436 3105 2492 3152 et
2538 3097 2890 3168 garrulitates
2939 3106 3060 3166 post
3095 3095 3210 3151 lucc
3270 3096 3579 3152 inconsulto

1995 3187 2390 3258 promulgatas,
2436 3195 2494 3241 ut
2524 3186 2666 3255 apud
2697 3202 2797 3240 vos
2831 3186 3060 3240 minime
3089 3192 3352 3254 receptas,
3401 3199 3578 3251 neque

1994 3296 2091 3349 per
2133 3280 2373 3334 divinam
2427 3279 2659 3346 gratiam
2708 3279 2910 3341 dictas,
2953 3279 3142 3332 irritas
3189 3276 3574 3331 aestimamus:

1991 3382 2044 3428 et
2082 3387 2180 3426 ave
2237 3373 2356 3426 istis
2400 3372 2667 3436 dicentes,
2709 3369 3043 3440 fugacesque
3073 3361 3292 3432 facturi,
3333 3369 3578 3438 accingi-

1993 3481 2114 3520 ntus
2149 3465 2365 3518 lumbos
2407 3464 2606 3518 mentis
2634 3471 2838 3517 nostra:
2867 3463 2921 3516 in
2971 3463 3220 3525 veritate,
3253 3470 3306 3516 et
3339 3461 3577 3516 suscita-

1993 3574 2115 3612 tnur
2139 3573 2244 3611 una
2269 3573 2391 3612 cum
2425 3557 2529 3626 piis
2545 3567 2599 3611 et
2619 3556 2874 3611 fidelibus
2897 3555 3322 3624 imperatoribus
3347 3555 3574 3618 nostris,

1993 3649 2490 3720 propugnatoribus
2562 3649 2816 3704 videlicet
2878 3649 3143 3714 veritatis,
3195 3647 3261 3701 ad
3312 3647 3575 3700 unitatem

1994 3754 2196 3798 sanetae
2223 3742 2314 3795 Dei
2346 3741 2602 3798 Ecclesia:
2630 3761 2644 3796 :
2681 3759 2710 3796 a
2737 3742 2939 3813 quibus
2964 3754 3017 3796 et
3045 3740 3315 3812 synodum
3355 3740 3580 3792 univcr-

1993 3835 2162 3890 salem
2191 3835 2484 3904 petivimus
2505 3835 2558 3888 in
2581 3835 2871 3904 praesentia
2888 3833 3055 3888 totius
3077 3848 3268 3888 eorum
3297 3832 3410 3886 Deo
3429 3845 3577 3885 ama-

1993 3928 2118 3982 bilis
2145 3929 2346 3998 populi,
2375 3937 2429 3981 et
2452 3928 2808 3997 postulationi
2861 3936 3064 3981 nostrae
3117 3926 3204 3996 pie
3237 3933 3570 3978 annuerant.

1995 4019 2149 4075 Unde
2182 4019 2381 4088 vosqui
2405 4037 2425 4070 ι
2452 4019 2866 4088 super-aedificati
2891 4018 3023 4072 estis
3061 4032 3224 4086 super
3247 4015 3575 4068 fundamen-

1996 4123 2109 4166 tum
2148 4111 2524 4181 apostolorum
2561 4121 2613 4165 et
2647 4113 3062 4182 pronhetarum,
3105 4109 3284 4177 ipsum
3323 4105 3577 4159 videlicet

1994 4218 2268 4258 summum
2291 4211 2346 4256 et
2367 4202 2685 4272 angularem
2711 4200 2946 4269 lapidem
2967 4200 3246 4271 Christum
3269 4196 3455 4252 Jesum
3471 4197 3572 4261 ⁷⁵,ι

2005 4294 2466 4363 quemadmodum
2507 4295 2559 4347 in
2595 4293 3028 4364 praecedentibus
3076 4291 3289 4344 dictum
3306 4300 3410 4352 est,
3446 4304 3574 4343 con-

1999 4395 2299 4443 certatores
2323 4395 2377 4442 et
2398 4395 2810 4442 consectatores
2840 4401 2906 4440 ac
2930 4385 3295 4440 auxiliatores
3347 4398 3578 4438 sumen-

293 4476 503 4546 ἔχομεν
558 4475 660 4546 τὴν
709 4474 842 4546 πρὸς
889 4475 1055 4526 Θεόνο
1092 4473 1191 4542 οὐχ
1239 4475 1322 4526 ὅτι
1373 4475 1549 4527 ἱκανοί
1595 4477 1762 4545 ἐσμεν
1798 4476 1891 4545 ἀφ’

2001 4488 2102 4546 tes,
2129 4479 2569 4534 «Confidentiam
2625 4479 2787 4533 talem
2837 4477 3102 4532 habemus
3143 4476 3209 4529 ad
3251 4475 3576 4530 Dominum:

295 4568 516 4624 ἑαυτῶν
549 4567 870 4636 λογίσασθαί
889 4585 941 4619 τι
966 4565 1042 4629 ὡς
1073 4564 1132 4631 ἐξ
1161 4565 1388 4630 ἑαυτῶν,
1420 4566 1537 4619 ἀλλ’
1567 4569 1599 4638 ή
1643 4568 1896 4634 ἱκανότης

295 4653 466 4732 ἡμῶν
498 4662 565 4714 ἐκ
591 4660 686 4714 τοῦ
721 4661 858 4714 Θεοῦ
884 4664 1051 4715 ἐστιν.
1081 4682 1098 4712 ι
1135 4663 1260 4716 Ὅτι
1291 4666 1360 4743 τά
1391 4667 1730 4738 διερρωγότα
1758 4667 1895 4737 μέλη

298 4755 400 4805 καὶ
420 4751 824 4822 ἀποσχισθέντα
839 4753 918 4816 είς
931 4751 988 4804 ἓν
1005 4753 1164 4824 σῶμα
1189 4757 1779 4828 συναρμολογούμενον
1802 4761 1896 4813 καὶ

295 4844 784 4914 συμϐιϐαζόμενον
806 4846 904 4916 τὴν
933 4845 1164 4916 αὔξησιν
1196 4849 1509 4918 ποιήσεται,
1533 4851 1593 4902 ἐν
1617 4843 1700 4912 οἷς
1723 4867 1897 4918 κεφα-

295 4939 368 5010 λή
393 4939 542 4991 ἐστιν
567 4941 594 4992 ὁ
624 4939 882 5010 Χριστός.
913 4939 1023 4992 Καὶ
1049 4941 1248 5010 μηκέτι
1291 4941 1374 5010 εἴη
1402 4941 1892 5013 διεσκορπισμένα.

378 5016 491 5084 Καὶ
539 5031 724 5084 λοιπὸν
791 5031 1051 5104 αἰτοῦμαι
1105 5034 1206 5104 τὴν
1261 5034 1539 5104 ὑμετέραν
1608 5036 1894 5108 ἀγιότητα,

293 5125 412 5186 ἓως
444 5123 554 5177 τῶν
582 5123 676 5179 δύο
707 5127 1102 5197 τοποτηρητῶν
1144 5127 1463 5182 ἀποστεῖλαι
1501 5129 1642 5199 μετά
1702 5130 1898 5202 θεηγός

300 5231 407 5282 pou
435 5214 793 5284 γραμματίου
823 5215 998 5286 ὑμῶν,
1030 5217 1124 5272 καὶ
1160 5218 1213 5270 εἴ
1240 5217 1294 5270 τί
1335 5220 1484 5272 ἐστιν
1530 5220 1660 5288 ὑμῖν
1703 5221 1769 5274 ὲκ
1798 5220 1892 5275 τοῦ

295 5306 444 5360 Θεοῦ
475 5306 837 5377 ἐνηχούμενον
865 5311 994 5381 περὶ
1020 5311 1120 5379 τῆς
1143 5309 1456 5375 ὑποθέσεως
1475 5313 1698 5382 ταύτης,
1737 5332 1895 5382 φανε-

300 5401 521 5472 ρώσατε
556 5405 717 5470 ἡμῖν’
765 5402 840 5466 ῶς
889 5404 1212 5472 ὀφειλόντων
1240 5408 1334 5459 καὶ
1363 5407 1474 5460 τῶν
1502 5409 1892 5478 τοποτηρητῶν

299 5493 488 5562 ὑμῶν,
541 5495 634 5546 καὶ
685 5493 793 5546 τῶν
847 5497 1194 5565 γραμμάτων
1245 5498 1400 5568 ὑμῶν
1453 5500 1744 5563 συνοδικῶς
1797 5503 1892 5554 ἐπὶ

297 5585 470 5648 πᾶσι,
496 5585 607 5639 τῶν
638 5586 736 5656 μὲν
767 5584 1021 5658 λαλῆσαι,
1048 5590 1157 5642 τῶν
1186 5589 1244 5642 δὲ
1269 5591 1708 5663 ἀναγνωσθῆναι,
1741 5597 1890 5662 ὅπως

293 5673 505 5746 ἐνωοῇ,
546 5677 615 5730 τά
664 5677 1036 5751 διεσχισμένα.
1084 5680 1225 5734 Αὑτὺ
1254 5683 1363 5753 γὰρ
1401 5683 1560 5738 τοῦτο
1610 5688 1702 5738 καὶ
1737 5689 1889 5758 παρὰ

380 5830 430 5862 ⁷⁵
460 5831 635 5905 Ephrs
695 5849 751 5898 tt,
777 5832 866 5885 ΞΟ.
948 5834 990 5864 ⁷⁵
1024 5832 1066 5886 ιι
1097 5834 1221 5889 Cor.
1269 5853 1347 5900 ιιι,
1393 5837 1434 5903 ι,
1473 5839 1523 5894 3.

1995 4591 2101 4632 non
2126 4573 2270 4644 quod
2293 4574 2626 4629 sullicientes
2656 4588 2848 4628 sumus
2863 4571 3104 4642 cogitare
3129 4570 3334 4639 aliquid
3354 4585 3383 4621 ιι
3401 4568 3578 4628 nobis.

1993 4666 2153 4734 quasi
2195 4681 2226 4720 a
2249 4667 2425 4731 nobis,
2447 4667 2540 4720 sed
2568 4664 2889 4720 sufﬁcientia
2913 4674 3098 4718 nostra
3117 4678 3182 4714 ex
3208 4660 3317 4715 Deo
3361 4660 3525 4727 est";
3556 4681 3574 4712 ι

1994 4758 2121 4828 quia
2156 4756 2404 4824 disrupta
2437 4756 2684 4809 membra
2731 4762 2786 4808 et
2821 4753 3052 4806 discissai
3083 4753 3133 4804 in
3175 4767 3343 4804 nullm
3379 4766 3580 4820 corpus

1993 4854 2338 4916 compactum
2371 4853 2424 4899 et
2447 4860 2758 4899 connexum
2795 4860 3044 4898 crescere
3074 4842 3260 4906 faciet,
3286 4844 3337 4896 in
3373 4844 3582 4913 quibus

1991 4935 2543 5006 caputestCltristus,
2574 4945 2628 4990 et
2658 4937 2802 4990 ultra
2823 4936 2935 5005 jam
2964 4951 3074 4990 non
3104 4946 3264 4989 erunt
3305 4937 3578 5005 dispersa.

2065 5029 2144 5084 De
2180 5037 2374 5083 caetero
2419 5043 2680 5098 rogamus
2713 5028 3058 5083 sanctitatem
3103 5038 3366 5087 vestiam,
3403 5043 3580 5097 usque

1995 5122 2061 5174 ad
2094 5123 2232 5177 duos
2267 5119 2548 5194 [vicarios]
2585 5121 2688 5175 loci
2719 5130 3028 5176 servatores
3057 5121 3274 5174 mittere
3305 5136 3430 5174 cum
3464 5122 3583 5174 dei-

1993 5214 2157 5284 loqua
2185 5213 2418 5284 epistola
2458 5230 2580 5279 sua,
2617 5223 2670 5268 et
2699 5213 2966 5282 quidquid
2993 5213 3098 5268 sibi
3125 5211 3580 5268 fueritdiriuitus

1993 5323 2158 5376 super
2194 5307 2298 5361 hoc
2332 5307 2550 5377 negotio
2603 5308 2924 5373 revelatum,
2958 5305 3118 5362 nobis
3170 5305 3350 5359 facere
3401 5305 3580 5358 mani-

1999 5398 2200 5455 festum
2235 5419 2252 5468 ;
2311 5413 2372 5456 ut
2417 5405 2720 5458 secundum
2755 5405 2901 5472 quod
2923 5402 3166 5458 debitum
3189 5409 3294 5465 est,
3330 5410 3438 5454 tam
3475 5399 3578 5455 looi

1999 5505 2324 5560 servatores,
2364 5512 2530 5568 quam
2589 5499 2784 5553 littera:
2827 5508 3028 5554 vestra:
3061 5497 3341 5568 synodicae
3365 5495 3484 5550 sive
3509 5496 3575 5549 ad

2000 5589 2488 5660 loquendum,si\'c
2503 5593 2570 5647 ad
2605 5589 2894 5664 legendum
2925 5591 2979 5644 in
3003 5589 3264 5646 omnibus
3293 5587 3582 5643 inveniat»-

1999 5701 2104 5756 tur,
2153 5697 2422 5759 quatenus
2479 5703 2574 5756 per
2625 5686 2873 5754 hocqum
2899 5683 3074 5740 scissa
3098 5689 3246 5748 sunt,
3277 5680 3574 5734 uitiantur:
