4026 6382
421 412 559 478 1467

1483 406 1542 465 S.
1571 402 1880 464 'l‘AliAStl
1929 401 2438 460 PAThlAliClle
2488 401 2576 460 (ΣΡ

3553 399 3686 464 MSS

420 525 658 596 ilipsum
718 522 863 576 enim
899 528 951 576 et
981 537 1010 574 a
1043 517 1274 590 prtesule
1320 515 1556 572 senioris
1607 514 1794 569 Romae
1825 511 2009 582 petivi-

2130 510 2501 584 ;οῦ’προέδρου
2531 512 2628 581 τῆς
2657 509 3034 582 πρεσϐυτέρας
3087 508 3304 580 Ῥώμης
3328 510 3655 581 ᾐτησάμεθα
3674 528 3688 544 ·

422 635 550 674 mus
575 636 588 672 :
613 627 670 671 et
699 630 830 684 rogo
853 630 948 668 vos
976 613 1235 677 fraterne,
1257 609 1610 680 apostolicam
1643 606 1798 661 vobis
1819 617 2006 658 vocem

421 707 809 781 pronuntians,
864 717 1124 775 tanquam
1183 703 1294 757 Deo
1343 701 1671 756 exhortante
1719 713 1815 767 per
1859 711 2006 760 nos;

421 801 608 856 omnia
651 809 1064 869 perscrutantes
1099 796 1402 850 secundum
1435 791 1728 846 consilium
1759 796 2007 844 vestrum

421 893 565 962 quod
607 893 660 945 in
707 891 814 945 Deo
865 890 1152 956 patefacitc
1186 886 1366 940 nobis.
1394 883 1672 952 Scriptum
1704 889 1787 936 est
1811 879 1955 934 enim
1993 895 2008 932 :

427 981 594 1034 Labia
647 981 990 1034 sacerdotum
1031 977 1323 1031 custodient
1385 973 1686 1035 scientiam,
1747 980 1795 1024 et
1845 969 2010 1038 legem

419 1073 691 1142 requirent
718 1087 782 1124 ea:
813 1087 902 1123 ore
928 1085 1110 1123 eorum
1132 1069 1199 1122 ⁷⁷.
1232 1065 1376 1120 Certi
1423 1066 1569 1120 enim
1599 1078 1816 1126 sumus,
1849 1061 2000 1131 quod

425 1161 640 1214 semina
681 1159 931 1214 veritatis
957 1159 1010 1211 in
1037 1158 1193 1212 vobis
1221 1157 1369 1211 salva
1417 1153 1763 1210 custodiatis.
1818 1152 1923 1206 Sed
1957 1160 2010 1204 et

425 1255 498 1324 pii
551 1255 916 1324 imperatores
971 1252 1142 1306 nostri
1174 1262 1231 1306 et
1283 1265 1381 1319 per
1436 1259 1630 1304 cuncta
1691 1245 2011 1302 orthodoxa:

425 1347 674 1402 veritatis
698 1345 1008 1401 lirmitatem
1063 1353 1364 1407 sectantur,
1397 1351 1453 1397 et
1483 1340 1714 1395 Domino
1747 1339 1853 1392 Deo
1879 1351 2010 1405 sup-

425 1438 633 1506 plicare
683 1453 791 1492 non
829 1447 1070 1500 cessant,
1129 1435 1432 1490 secundum
1485 1433 1810 1502 Gregorium
1849 1429 2011 1499 quia

423 1529 703 1599 theologia
770 1543 1079 1600 cognomen
1135 1527 1364 1582 sortitus
1415 1536 1543 1591 est;
1590 1531 1650 1578 ut
1709 1520 2012 1576 elliciamur

429 1636 550 1684 nos,
593 1620 689 1687 qui
724 1621 888 1672 unius
920 1617 1012 1672 Dei
1045 1615 1384 1676 exsistimus,
1423 1629 1594 1668 unum
1630 1629 1645 1677 ;
1687 1621 1740 1666 et
1785 1611 1878 1679 qui
1914 1625 2010 1662 su-

430 1728 553 1768 mus
594 1711 900 1775 Trinitatis,
947 1711 1083 1766 uniti
1144 1719 1198 1764 et
1232 1709 1453 1763 honore
1485 1721 1643 1775 pares
1675 1715 1840 1774 atque
1875 1718 2012 1757 una-

427 1805 607 1858 nimes
637 1804 690 1857 in
718 1804 932 1860 cunctis
961 1802 1308 1856 inveniamur
1342 1817 1357 1867 ;
1393 1811 1446 1853 et
1479 1797 1574 1868 qui
1607 1813 1801 1852 sumus
1833 1795 2008 1852 sancti

2111 603 2206 656 καὶ
2261 603 2569 674 παρακαλῶ
2627 604 2773 674 ὑμᾶς
2823 603 3151 670 ἁδελφικῶς,
3182 601 3280 672 τὴν
3328 605 3694 675 ἀποστολικὴν

2112 699 2242 766 ὑμῖν
2266 696 2779 768 προσφθεγγόμενος
2823 693 3028 766 φωνὴν,
3061 695 3134 758 ὼς
3157 694 3252 748 τοῦ
3277 695 3414 749 Θεοῦ
3443 712 3694 768 παρακα-

2110 789 2328 852 λοῦντος
2353 789 2422 842 δι’
2455 787 2632 859 ὑμῶν,
2657 787 2836 841 πάντα
2867 788 3203 858 ἐρευνῶντες
3229 787 3372 842 κατὰ
3397 788 3489 842 τὸν
3512 788 3695 842 ἔνθεον

2113 881 2315 935 σκοπὸν
2361 881 2536 952 ὐμῶν,
2572 878 2928 950 φανερώσατε
2973 881 3128 950 ἡμῖν.
3181 879 3497 949 Γέγραπται
3551 880 3694 950 γάρ·

2109 975 2292 1039 Χείλη
2315 973 2517 1041 ἱερέων
2550 972 2890 1041 φυλάξεται
2919 970 3282 1040 Murrani
3314 972 3502 1039 νόμον
3526 969 3696 1041 ἐκζη-

2110 1063 2412 1132 τήσουσιν
2432 1041 2501 1116 ἐκ
2521 1065 2820 1132 στόματος
2839 1059 3059 1116 αὐτῶν.
3082 1059 3444 1130 Πεπείσμεθα
3469 1061 3597 1132 γὰρ.
3611 1063 3696 1115 ὅτι

2110 1156 2178 1210 τὰ
2205 1158 2498 1226 σπέρματα
2521 1156 2620 1226 τῆς
2637 1154 2897 1224 ἀληθείας
2915 1154 2974 1206 ἐν
2998 1153 3214 1214 ἑαυτοῖς
3237 1151 3553 1215 διασώζετε.
3585 1155 3698 1208 Καὶ

2109 1249 2160 1301 οἱ
2187 1249 2244 1300 εὐ
2255 1248 2433 1312 σεϐεῖς
2451 1247 2507 1300 δὲ
2529 1245 2688 1317 ἡμῶν
2711 1245 2952 1317 βασιλεῖς
2983 1246 3080 1298 καὶ
3108 1243 3252 1298 κατὰ
3277 1244 3458 1298 πάντα
3482 1245 3698 1316 ὀροόδο-

2111 1338 2192 1405 ξοι
2225 1339 2322 1408 τῆς
2348 1339 2608 1409 ἀληθείας
2641 1337 2940 1408 βεϐαίωσιν
2965 1335 3332 1402 ἐπισπῶνται,
3359 1337 3451 1391 καὶ
3492 1336 3698 1410 Κύριον

2111 1431 2202 1484 τὸν
2233 1431 2364 1485 Θεὸν
2395 1425 2702 1484 ἱκετεύουσι
2731 1429 2874 1484 κατὰ
2902 1428 2998 1481 τδν
3035 1429 3137 1498 τῆς
3168 1427 3453 1495 θεολογίας
3482 1427 3699 1482 ἐπώνυ-

2116 1539 2215 1592 μον
2248 1520 2568 1594 Γρηγόριον,
2607 1521 2698 1574 ἵνα
2737 1518 3025 1590 γενώμεθα
3070 1520 3120 1572 οί
3162 1520 3258 1571 τοῦ
3293 1518 3414 1582 ἐνὸς
3454 1519 3588 1572 Θεοῦ
3615 1519 3698 1583 ἐν,

2113 1611 2208 1663 καὶ
2263 1611 2312 1663 οἱ
2369 1609 2475 1679 τῆς
2533 1609 2788 1680 Τριάδος,
2840 1611 3115 1680 ἡνωμένοι
3172 1610 3268 1663 καὶ
3314 1609 3569 1681 ὁμότιμοι
3607 1611 3704 1664 καὶ

2113 1700 2378 1770 ὁμόψυχοι
2403 1716 2417 1730 ·
2449 1702 2500 1754 oi
2543 1699 2637 1754 τοῦ
2670 1701 2828 1768 ἁγίου
2871 1699 3214 1772 Πνεύματος,
3267 1703 3330 1755 οὐ
3383 1703 3503 1755 κατ’
3543 1703 3700 1774 ἀλλή-

2112 1791 2242 1857 λων,
2276 1791 2416 1846 em
2447 1794 2548 1848 σὺν
2580 1792 2868 1864 ἀλλήλοις·
2897 1794 2950 1864 oi
3003 1794 3104 1864 τῆς
3158 1795 3423 1864 ἀληθείας
3467 1795 3527 1848 τὸ
3569 1797 3705 1850 αὐτὸ

429 1895 690 1963 Spiritus,
718 1910 824 1950 non
856 1905 1048 1949 contra
1081 1893 1340 1955 invicem,
1373 1893 1466 1946 sed
1505 1903 1605 1958 pro
1643 1889 1877 1944 invicem
1937 1887 2011 1942 si-

2130 1883 2444 1956 ρρονοῦντες
2474 1886 2570 1939 καὶ
2602 1883 2878 1953 λέγοντες,
2917 1886 3013 1940 καὶ
3041 1887 3117 1956 μὴ
3155 1889 3240 1959 εἴη
3269 1887 3384 1958 ἔρις
3428 1888 3524 1941 καὶ
3551 1888 3705 1960 διχο.

430 2000 552 2036 inus
583 2001 596 2050 ;
627 1995 680 2039 et
711 1987 802 2054 qui
832 1998 1026 2040 smnus
1051 1981 1320 2048 veritatis,
1361 1980 1595 2050 idipsum
1623 1980 1901 2050 sapientes
1931 1989 2014 2032 al-

426 2091 534 2141 que
559 2075 810 2131 dicentes
862 2076 1243 2142 exhibeamur,
1277 2082 1332 2130 et
1360 2089 1469 2129 non
1499 2073 1572 2130 sit
1626 2071 1904 2127 contentio
1925 2069 2010 2124 vel

425 2167 700 2221 dissensio
725 2167 778 2220 in
813 2167 971 2221 nobis
1007 2185 1022 2234 ;
1053 2169 1168 2232 sed,
1231 2167 1375 2222 sicut
1413 2166 1683 2220 habemus
1711 2180 1880 2220 unum
1913 2164 2012 2218 ba-

425 2257 650 2327 ptisma,
684 2273 847 2313 unam
879 2260 1060 2323 fidem,
1097 2260 1168 2314 ita
1194 2269 1247 2312 et
1268 2258 1695 2313 consonantiam
1747 2271 1912 2311 unam
1958 2257 2011 2310 in

426 2347 579 2400 omni
617 2347 996 2402 ecclesiastico
1032 2347 1272 2418 negotio.
1305 2347 1369 2400 Et
1401 2362 1503 2416 pax
1559 2345 1651 2399 Dei
1686 2361 1808 2415 quin
1839 2359 2011 2400 essu--

425 2446 583 2507 perat
634 2452 855 2491 omnem
893 2452 1140 2502 sensum,
1187 2437 1242 2491 in
1282 2452 1454 2491 unum
1496 2449 1598 2490 nos
1628 2433 1926 2497 conducat,
1957 2440 2013 2488 et

427 2529 605 2585 divisa
660 2529 839 2594 uniat,
896 2539 1063 2599 atque
1112 2529 1436 2584 diuturnum
1495 2528 1694 2582 vulnus
1745 2535 1923 2591 sanet,
1958 2533 2014 2579 et

426 2621 807 2678 incolumitate
831 2622 952 2676 lidei
1004 2622 1246 2690 integros
1298 2629 1498 2685 servet,
1544 2630 1598 2675 et
1625 2619 1681 2672 in
1716 2634 1844 2673 vera
1873 2634 2011 2673 con-

429 2713 670 2768 t'essione
701 2722 864 2782 atque
893 2713 1190 2768 concordia
1229 2712 1472 2768 stabiliat
1496 2726 1711 2776 omnes,
1749 2712 2014 2780 uniatque

427 2814 674 2858 sanctam
739 2803 1043 2858 Ecelesiam
1099 2813 1359 2871 suam,et
1405 2804 2012 2872 compescalscandala

425 2911 551 2966 qua:
615 2895 970 2966 super-iacent
1014 2895 1064 2951 ei
1120 2895 1610 2964 intercessionibus
1671 2895 2014 2950 intemeratae

435 2987 679 3042 Dominae
712 2995 920 3042 nostra:
957 2987 1050 3042 Dei
1073 2987 1370 3042 Genitricis
1409 2996 1464 3042 et
1513 2987 1760 3042 omnium
1789 2997 2012 3042 sancto-

428 3097 550 3135 rum
591 3080 704 3134 ﬁat.
737 3083 932 3134 Amen.

2117 1975 2316 2030 στασία
2347 1979 2406 2029 ἐν
2455 1976 2626 2046 ἡμῖν·
2667 1975 3000 2047 ἀλλ’ὥσπερ
3051 1979 3250 2048 ἐχομεν
3288 1978 3346 2032 ἓν
3390 1979 3703 2050 βάπτισμα,

2117 2065 2245 2138 μίαν
2275 2066 2480 2132 πίστιν,
2514 2064 2688 2128 οὕτως
2733 2066 2828 2121 καὶ
2856 2068 3181 2138 συμφωνίαν
3225 2071 3359 2139 μίαν
3383 2069 3478 2124 ἐπὶ
3501 2071 3710 2134 παντὸς

2111 2157 2574 2230 ἐκκλησιαστικοῦ
2611 2159 2956 2230 πράγματος.
2989 2161 3099 2213 Καὶ
3133 2162 3168 2232 ἡ
3199 2163 3390 2232 εἰρήνη
3436 2160 3530 2215 τοῦ
3565 2162 3709 2216 Θεοῦ

2112 2251 2146 2322 ἡ
2193 2251 2541 2322 ὑπερέχουσα.
2579 2251 2759 2306 πάντα
2788 2251 2936 2316 νοῦν,
2971 2253 3052 2315 είς
3091 2252 3152 2306 ἓν
3199 2253 3502 2320 συναγάγοι
3526 2255 3707 2324 ἡμᾶς,

2112 2341 2209 2398 καὶ
2237 2343 2304 2396 τὰ
2339 2341 2652 2416 διῃρημένα
2685 2341 2934 2409 ἐνώσειε,
2961 2343 3055 2396 καὶ
3080 2343 3144 2397 τὸ
3180 2345 3398 2416 χρόνιον
3439 2345 3595 2409 ἕλκος
3627 2345 3712 2401 Li-

2114 2455 2292 2502 σαιτο,
2348 2439 2445 2492 καὶ
2494 2441 2554 2492 ἐν
2595 2437 2876 2510 εὐρωστίᾳ
2931 2438 3173 2503 πίστεως
3217 2438 3556 2510 ἀκραιφνοῦς
3611 2441 3712 2494 καὶ

2111 2527 2347 2600 ἀληθοῦς
2392 2527 2688 2598 ὁμολογίας
2748 2527 2842 2582 καὶ
2895 2527 3220 2596 συμφωνίας
3263 2525 3535 2596 στηρίξειε
3565 2527 3712 2580 πάν-

2111 2637 2232 2685 τας,
2274 2621 2368 2674 καὶ
2402 2621 2736 2692 φρουρήσειε
2783 2619 2886 2690 τὴν
2919 2620 3080 2688 ἁγίαν
3127 2617 3297 2672 αὐτοῦ
3342 2617 3707 2688 Ἐκκλησίαν,

2112 2713 2209 2768 καὶ
2248 2713 2479 2768 παύσειε
2523 2713 2596 2768 τὰ
2640 2713 2765 2768 κατ’
2803 2711 2978 2782 αὐτῆς
3022 2710 3356 2781 ἐπικείμενα
3405 2710 3709 2768 σκάνδαλα.

2112 2805 2436 2876 πρεσϐείαις
2460 2807 2562 2878 τῆς
2596 2805 2867 2877 ἁχράντου
2905 2803 3206 2874 Δεσποίνης
3239 2801 3400 2874 ἡμῶν
3432 2801 3714 2856 Θεοτόκου

2115 2900 2207 2954 καὶ
2237 2899 2454 2954 πάντων
2481 2897 2590 2953 τῶν
2610 2897 2784 2966 ἁγίων
2807 2895 3039 2964 γένοιτο.
3082 2895 3280 2966 Ἀμήν.

499 3169 694 3225 Petrus
747 3177 802 3224 et
833 3169 1030 3224 Petrus
1086 3169 1197 3225 Deo
1253 3171 1516 3227 amabiles
1582 3172 1902 3243 presbyteri,
1955 3183 2012 3230 et

2199 3155 2407 3226 Πέτρος
2437 3155 2531 3209 καὶ
2561 3155 2770 3228 Πέτρος
2800 3156 2850 3209 oi
2882 3145 3305 3242 Georgius-sator
3323 3153 3717 3228 πρεσϐύτεροι,

430 3261 607 3315 locum
657 3261 958 3315 retinentes
990 3261 1292 3316 beatissimi
1321 3277 1474 3332 papa:
1526 3263 1752 3336 Adriani
1784 3264 2017 3320 senioris

431 3351 648 3420 Romae,
678 3351 976 3408 dixerunt:
1009 3351 1334 3421 llujusmodi
1373 3355 1582 3410 litteras
1632 3357 2023 3412 sanctissimus

432 3458 575 3513 pvpa
612 3443 847 3512 recepit,
881 3453 935 3498 et
957 3443 1165 3499 idcirco
1211 3443 1415 3500 direxit
1447 3461 1546 3501 nos
1574 3462 1700 3502 cum
1735 3446 2024 3516 rescriptis

435 3552 556 3606 quae
583 3535 696 3606 jam
723 3535 860 3591 lecta
892 3545 1043 3590 sunt.

502 3716 740 3771 Joannes
789 3715 901 3770 Deo
931 3715 1183 3770 amabilis
1217 3716 1534 3786 presbyter,
1581 3725 1634 3769 et
1677 3717 1854 3771 locum
1891 3717 2025 3770 reti-

437 3824 570 3864 nens
599 3809 947 3865 orientalium
973 3809 1281 3878 principum
1313 3808 1686 3875 sacerdotum,
1711 3809 1850 3863 dixit
1885 3826 1898 3859 :
1932 3808 2024 3864 liae

436 3903 648 3966 litterae,
680 3911 733 3955 et
789 3905 960 3969 pietas
1012 3901 1224 3970 imperii
1265 3902 1388 3957 fecit
1436 3917 1536 3958 nos
1569 3903 1754 3958 venire
1788 3903 1923 3964 huc,
1966 3915 2024 3958 et

434 3992 675 4060 ctl‘ngcre
738 3990 1050 4060 iniquorum
1112 3991 1328 4046 illorqu
1377 3991 1632 4048 Ecclesia:
1670 3993 2022 4049 inimicorum

435 4096 654 4136 manus.

507 4261 707 4317 Sancta
747 4262 990 4334 synolus
1021 4263 1159 4318 dixit
1192 4281 1206 4318 :
1242 4262 1385 4322 Deus
1411 4279 1510 4320 vos
1543 4265 1680 4321 bene
1719 4267 1970 4323 adduxit.

505 4357 900 4411 Constantinus
949 4355 1061 4412 Deo
1095 4356 1347 4412 amabilis
1378 4357 1646 4414 diaconus
1683 4371 1739 4413 et
1773 4361 2024 4416 notarius

2129 3251 2226 3304 καὶ
2263 3249 2559 3303 τὸνττόπον
2612 3249 2904 3321 ἐπέχοντες
2946 3249 3041 3302 τοῦ
3087 3249 3511 3320 μακαριωτάτου
3553 3248 3724 3303 πὰπα

2140 3341 2416 3414 Ἀδριανοῦ
2449 3343 2550 3412 τῆς
2577 3341 2953 3412 πρεσϐυτέρας
2995 3340 3237 3410 Ῥώμης,
3274 3331 3443 3392 εἷπον
3465 3356 3479 3370 ο
3517 3338 3732 3393 Τοιαῦ-

2127 3451 2196 3488 τα
2221 3433 2532 3505 γράμματα
2565 3431 2859 3502 δεξάμενος
2905 3434 3001 3485 καὶ
3025 3435 3052 3486 ὁ
3091 3431 3398 3500 ἁγιώτατος
3417 3431 3576 3502 ἡμῶν
3603 3430 3722 3485 πά-

2131 3545 2258 3592 πας,
2279 3527 2471 3579 τούτου
2503 3526 2692 3578 ἕνεκεν
2718 3524 3046 3578 ἀπέστειλεν
3065 3527 3216 3596 ἡμᾶς
3244 3523 3384 3594 μετὰ
3411 3523 3521 3578 τῶν
3556 3525 3719 3578 ἀντιο

2127 3621 2355 3692 γράφων
2389 3619 2498 3672 τῶν
2526 3619 2626 3689 ιἤδη
2650 3617 3140 3684 ἀναγνωσθέντων.

2209 3713 2464 3782 Ἰωάννης
2509 3715 2534 3763 ὁ
2574 3709 2995 3780 θεοφιλέστατος
3035 3710 3432 3780 πρεσϐύτερος,
3483 3711 3578 3778 καὶ
3619 3710 3724 3764 τὸν

2127 3806 2291 3857 τόπον
2340 3806 2556 3874 ἐπέχων
2599 3803 2706 3855 τῶν
2758 3799 3096 3857 ἀνατολικῶν
3141 3805 3466 3874 ἀρχιερέων,
3515 3801 3720 3858 εἶπεν·

2128 3895 2316 3950 Ταῦτα
2345 3895 2414 3949 τὰ
2447 3895 2568 3965 ίερᾶ
2599 3894 2940 3965 γράμματα,
2967 3892 3064 3946 καὶ
3092 3893 3123 3962 η
3155 3892 3409 3945 εὐσέϐεια
3433 3892 3531 3962 τῆς
3563 3891 3725 3962 βασι-

2127 3985 2274 4048 λείας
2311 3983 2724 4056 παρεσκεύασεν
2755 3983 2902 4052 ήμᾶς
2935 3980 3029 4034 τοῦ
3061 3981 3474 4052 παραγενέσθαι
3519 3981 3724 4035 ἐνταῦ-

2127 4079 2217 4146 θα,
2253 4079 2350 4131 καὶ
2391 4079 2677 4146 διαφυγεῖν
2707 4077 2816 4128 τῶν
2859 4075 3192 4146 παρανόμων
3223 4074 3452 4130 ἐκείνων
3484 4075 3584 4127 καὶ
3629 4079 3725 4146 ἐχ-

2127 4171 2272 4243 θριῖιν
2299 4173 2400 4242 τῆς
2439 4169 2772 4240 Ἐκκλησίας
2799 4169 2898 4232 τὰς
2929 4171 3142 4241 χεῖρας.

2207 4270 2270 4321 Ἥ
2288 4268 2421 4336 ἁγία
2438 4266 2654 4329 σύνοδος
2677 4261 2849 4318 εἶπενο
2884 4265 2941 4318 Ὁ
2957 4265 3088 4328 Θεὸς
3111 4263 3291 4327 καλῶς
3305 4265 3447 4334 ὑμᾶς
3465 4247 3724 4335 ἡνεγκεν.

2196 4362 2611 4424 Κωνσταντῖνος
2645 4361 2672 4412 ὁ
2705 4357 3122 4428 θεοφιλέστατος
3153 4356 3401 4420 διάκονος
3432 4356 3530 4409 καὶ
3561 4356 3726 4411 veti-

434 4449 574 4502 dixit
597 4467 609 4499 :
630 4447 752 4504 Prae
781 4449 1037 4503 manibus
1071 4449 1246 4504 habeo
1272 4460 1607 4506 memoratos
1627 4457 2015 4522 quaterniones

2131 4469 2248 4526 ριος
2279 4447 2470 4506 εἶπεν·
2519 4452 2644 4504 Ἐπὶ
2692 4453 2883 4520 χεῖρας
2939 4449 3046 4518 ἔχω
3094 4446 3728 4522 τὰςΙμνημονευθείσας

434 4543 526 4612 qui
557 4541 714 4597 missi
749 4551 880 4596 sunt
908 4541 978 4596 ab
1003 4539 1224 4598 Oriente
1251 4554 1340 4610 ;et
1365 4545 1410 4598 si
1435 4542 1664 4613 jubetis,
1696 4545 1979 4628 legemus;

436 4722 787 4796 Sanctissinto
818 4741 880 4778 ac
912 4722 1221 4779 beatissimo
1249 4725 1461 4779 domino
1486 4724 1713 4781 Tarasio
1757 4727 2025 4796 archiepi-

506 4813 661 4864 scopo
712 4794 1253 4866 Constaminopoleos
1271 4807 1320 4848 et
1351 4797 1637 4850 universali
1659 4794 2023 4866 ‘patriarclne,

509 4866 740 4921 Orientis
778 4867 970 4920 summi
1003 4868 1301 4922 sacerdotes
1329 4868 1384 4920 in
1413 4867 1636 4920 Domino
1667 4867 1918 4924 salutem.

509 5026 918 5083 Sacratissimis
938 5037 992 5084 et
1010 5046 1074 5084 ex
1094 5028 1278 5084 divina
1306 5029 1528 5085 deitatis
1560 5028 1926 5100 inspiratione
1957 5027 2026 5082 li-

433 5120 590 5176 bellis
609 5121 922 5190 apostolicae
946 5137 1012 5176 ac
1045 5132 1285 5192 μειοῖ-πω
1313 5121 1623 5177 sanctitatis
1669 5130 1862 5176 vestrae
1887 5135 2027 5184 prat-

432 5211 674 5279 lectis,o
702 5212 1023 5281 beatissimi,
1068 5228 1168 5269 nos
1211 5215 1530 5282 humiies,et
1577 5217 1886 5283 eorumqui
1935 5214 2030 5268 de-

435 5314 641 5358 sertum
691 5305 932 5362 incolere
979 5307 1221 5378 gestiunt
1281 5308 1482 5374 ultimi,
1531 5317 1772 5362 tremore
1823 5306 2028 5377 pariter

434 5405 487 5450 et
517 5395 721 5465 gaudio
747 5412 944 5452 sumus
973 5399 1205 5454 detenti.
1241 5400 1506 5455 Tremore
1537 5399 1760 5470 quidem
1807 5408 2028 5468 propter

439 5488 693 5543 timorem
742 5504 937 5546 eorum
977 5493 1181 5562 quibus
1230 5495 1302 5549 ob
1327 5501 1550 5563 peccata
1602 5501 1790 5548 nostra
1823 5493 2030 5548 servire

437 5581 640 5637 decreti
674 5599 898 5648 sumus,
931 5585 1137 5656 quique
1169 5602 1296 5642 vere
1343 5596 1475 5642 sunt
1518 5587 1672 5656 impii
1702 5593 1756 5642 et
1785 5605 1804 5637 ι
1839 5587 1894 5639 in
1923 5585 2032 5640 eir-

439 5672 610 5740 cnitu,
647 5676 954 5732 secundum
1015 5678 1160 5747 quod
1207 5679 1475 5747 scriptum
1506 5687 1612 5743 est,
1651 5678 1802 5748 impii
1832 5678 2027 5733 ambu-

510 5807 556 5840 ’⁷⁷
586 5808 818 5866 Malach.
864 5829 921 5874 ιι,
947 5819 999 5878 7.

2128 4547 2393 4616 τετράδας
2430 4546 2531 4609 τὰς
2557 4544 2962 4604 ἀποσταλείσας
2991 4544 3055 4595 ἐκ
3077 4543 3176 4612 τῆς
3191 4541 3508 4612 Ἀνατολῆς,
3546 4541 3641 4595 καὶ
3671 4540 3726 4594 εί

2128 4635 2404 4701 κελεύετε,
2437 4633 2848 4704 ἀναγνώσομαι.

2132 4729 2222 4796 Τῷ
2268 4725 2567 4795 ἁγιωτάτῳ
2619 4726 2718 4780 καί
2775 4725 3205 4796 μακαριωτὰτῳ
3251 4725 3441 4793 κυρίῳ
3487 4725 3585 4778 καί
3621 4723 3724 4779 δε-

2199 4801 2398 4867 σπότῃ
2439 4797 2708 4864 Ταρασίῳ
2731 4797 3190 4867 ἁρχιεπιίζκόπφ
3220 4797 3722 4867 Κωνσταντινορ-

2200 4863 2456 4935 πόλεως,
2491 4863 2590 4921 καί
2636 4863 3031 4936 cimoliae-mc?)
3070 4864 3428 4935 πατριάρχῃ,
3489 4869 3545 4921 οἱ
3604 4863 3722 4933 τῆς

2213 4941 2398 5006 Ἐῳας
2423 4938 2718 5007 ἀρχιερεῖς
2747 4939 2817 4991 ἐν
2845 4937 3042 5005 Κυρίῳ
3069 4937 3324 5004 χαίρειν.

2199 5033 2241 5086 Τ
2247 5035 2328 5095 οἷς
2363 5031 2642 5099 πανιὲροις
2673 5030 2768 5084 καὶ
2799 5031 2865 5083 ἐκ
2897 5027 3048 5094 θείας
3083 5027 3374 5091 ἐπιπνοίας
3405 5027 3722 5098 ὑπαγορεύ-

2130 5123 2268 5176 θεϊσι
2294 5121 2559 5184 λιϐίλλοις
2592 5123 2692 5192 τῆς
2717 5119 2994 5191 ὑμετέρας
3024 5118 3453 5190 ἐντετυχηκότες
3477 5120 3723 5174 ἀποστο-

2129 5216 2288 5285 λικῆς
2337 5231 2393 5268 τε
2445 5215 2540 5267 καὶ
2597 5212 2871 5284 πατρικῆς
2911 5209 3224 5280 ἁγιωσύνης
3269 5210 3719 5281 μακαριώτατοι,

2130 5313 2290 5381 ἡμεῖς
2319 5311 2369 5363 οἱ
2399 5309 2668 5372 ταπεινοὶ,
2725 5307 2821 5360 καὶ
2863 5305 2974 5360 τῶν
3014 5303 3114 5375 τὴν
3156 5303 3367 5374 ἔρημον
3415 5305 3716 5372 παροικεῖν

2131 5403 2436 5474 ἐφιεμένων
2471 5402 2712 5474 ἔσχατοι,
2748 5400 2938 5473 τρόμῳ
2963 5401 3060 5452 καὶ
3095 5400 3242 5471 χαρᾷ
3277 5395 3718 5467 συνεσχέθημεν.

2131 5497 2332 5570 Τρόμῳ
2363 5497 2485 5568 μὲν,
2520 5495 2616 5550 ’διὰ
2649 5493 2740 5549 τὶν
2767 5494 2933 5564 φόϐον
2965 5492 3076 5547 τῶν
3097 5486 3178 5556 οἷς
3194 5490 3466 5545 δουλεύειν
3497 5489 3587 5543 διὰ
3616 5490 3719 5552 τὰς

2132 5590 2409 5660 ἁμαρτίας
2444 5587 2600 5659 ἡμῶν
2636 5583 3071 5655 κατεκρίθημεν,
3111 5583 3222 5636 τῶν
3269 5580 3443 5644 ὅντως
3475 5579 3719 5643 ἀσεϐῶν,

2135 5683 2227 5738 καὶ
2262 5681 2470 5751 κύκλῳ,
2520 5679 2743 5750 κατὰ.τό
2795 5676 3209 5750 γεγραμμένον,
3243 5672 3721 5740 περιπατούντων,
