4026 6398
363 415 465 484 46]

1762 413 2182 488 Ειιιδῖοιίῐῖ..

3477 407 3498 472 i
3509 408 3611 474 470

334 528 426 583 καὶ
493 526 802 598 προφάσεις
857 529 982 583 καθ’
1016 529 1278 600 ἑκάστην,
1338 533 1417 593 ὡς
1495 529 1626 594 ἔπος
1702 531 1908 590 εἰπεῖν,

2020 529 2129 582 lant
2168 526 2236 590 ⁷⁸,
2279 544 2296 578 ι
2329 539 2392 580 ac
2428 539 2522 595 per
2560 521 2806 594 singulos
2847 535 2984 592 pene
3013 519 3132 576 dies
3164 519 3485 576 occasiones
3515 538 3614 578 ex-

332 616 538 690 ήμέραν
571 619 982 691 ἐπιζητούντων
1025 620 1120 672 τοῦ
1173 619 1486 680 θανατῶσαι
1523 623 1913 678 καὶάπολέσαι

331 711 471 782 ἡμᾶς
490 725 507 742 ⁶
538 713 682 784 χαρᾷ
705 711 784 778 δὲ,
806 711 904 774 ,διὰ
945 711 1044 783 τὴν
1067 712 1458 783 ἐκλάμπουσαν
1486 716 1544 768 ὲν
1580 717 1712 786 ὑμῖν
1745 715 1911 788 [ἄλλ.

328 802 382 853 ἐν
430 799 639 872 αὐτοῖς]
678 801 918 855 ἀκτίνων
987 801 1146 871 δίκην
1196 801 1440 872 ἡλιακῶν
1490 803 1590 873 τῆς
1626 801 1912 875 ὀρθοδόξου

332 891 568 956 πίστεως
627 893 942 965 ἀκρίϐειαν.
1001 895 1098 949 καὶ
1147 894 1257 948 τῶν
1304 895 1683 949 ἀποστολικῦίν
1730 912 1788 946 τε
1820 894 1914 948 καὶ

326 984 615 1056 Πατρικῶν
642 985 934 1057 δογμάτων
953 985 1395 1057 διαφανεστάτην
1421 987 1746 1052 ἐξάπλωσιν.
1777 985 1918 1058 Περὶ

323 1071 396 1131 ὧν
431 1079 709 1150 εὐκαίρως
759 1080 860 1151 τῆς
912 1079 1008 1134 τοῦ
1050 1081 1333 1152 προφήτου
1390 1081 1660 1151 Ζαχαρίου
1690 1079 1942 1149 καὶτῆς.

321 1167 412 1222 τοῦ
444 1169 608 1238 λόγου
645 1169 834 1240 φωνῆς
863 1171 1193 1240 γεννήτορος
1221 1173 1300 1235 εἰς
1335 1171 1553 1242 μνήμην
1593 1170 1738 1240 ᾠδῆς
1783 1169 1910 1240 ὲλη-

319 1260 564 1325 λυθότες,
590 1261 998 1332 μεγαλοφώνως
1025 1262 1242 1334 βοώμεν
1263 1279 1276 1292 ·
1317 1283 1334 1316 ι
1377 1263 1750 1334 Ἐπεσκέψατο
1765 1264 1914 1332 ἡμᾶς

320 1352 560 1424 ἀνατολὴ
610 1354 884 1425 παμφαὴς
937 1353 996 1421 ἐξ
1049 1353 1262 1424 ὕψους»
1325 1354 1670 1428 θεωρητικῆς
1717 1373 1775 1408 τε
1820 1355 1913 1408 καὶ

321 1444 800 1517 θεοτρονεστάτης
846 1447 1110 1514 διανοίας,
1157 1451 1271 1513 τοῖς
1319 1450 1378 1502 ἐν
1423 1447 1604 1501 σκότει
1638 1448 1732 1500 καὶ
1787 1447 1913 1515 σκιᾷ

318 1535 579 1605 θανάτου,
615 1541 966 1610 κακοτρόπου
1021 1541 1254 1610 πλάνης,
1286 1541 1406 1611 ἤτοι
1447 1539 1746 1610 Ἀραὸικῆς
1786 1539 1907 1592 δυσ-

318 1627 556 1692 σεϐείας.
591 1630 920 1700 καθημένοις
957 1633 1116 1704 ἡμῖν,
1149 1631 1244 1685 τοῦ
1285 1631 1617 1686 κατευθῦναι
1648 1633 1774 1695 τοὺς
1791 1649 1907 1702 νοη⁸

320 1720 592 1791 ματικοῦς
628 1722 788 1793 ἡμῶν
830 1724 999 1788 πόδας
1032 1726 1114 1789 είς
1159 1723 1278 1778 ὁδὸν
1314 1725 1411 1778 καὶ
1439 1723 1657 1794 τρίϐους
1706 1725 1904 1794 εἰρηνισ

326 1810 429 1879 κῆς
457 1813 870 1878 καταστάσεως.
899 1833 918 1865 ι
944 1814 1040 1876 Τίς
1069 1813 1294 1884 λαλήσει
1331 1814 1425 1878 τὰς
1453 1813 1766 1876 δυναστείας
1808 1815 1913 1866 Κυ-

2021 619 2267 690 qnirunt,
2313 625 2376 670 ut
2407 631 2506 672 nos
2535 614 2700 669 morti
2733 615 2981 678 tradant,
3012 623 3068 668 et
3095 613 3328 682 perdant
3362 655 3378 680 ,
3412 614 3616 683 gaudio

2018 726 2171 776 vero,
2205 717 2428 780 propter
2467 707 2755 762 veritatem
2782 705 3104 760 orthodoxa:
3138 704 3262 759 fidei
3299 720 3420 775 qua:
3451 705 3618 777 fulget

2018 804 2072 857 in
2094 803 2173 856 eis
2201 801 2465 856 solarium
2500 814 2654 853 more
2689 799 2994 863 radiorum,
3029 797 3616 880 ctluenlentissimam

2016 895 2458 964 explanationem
2512 891 2937 962 apostolicorum
2975 891 3298 961 dogmatum
3339 901 3393 946 et
3433 901 3618 962 pater-

2018 1003 2238 1042 norum.
2276 985 2352 1040 De
2383 985 2584 1055 quibus
2618 991 2739 1054 apte
2782 983 3083 1052 genitorem
3137 983 3289 1038 vocis
3324 981 3515 1045 Verbi,
3563 983 3614 1038 id

2015 1089 2118 1146 cst,
2165 1078 2485 1149 prophetam
2519 1075 2840 1130 Zachariam
2883 1075 2950 1128 ad
2981 1075 3307 1129 memoriam
3342 1075 3614 1130 reducen-

2018 1181 2354 1240 tes..magna
2386 1184 2518 1223 voce
2552 1169 2897 1222 clamamus:
2938 1185 2957 1218 ι
2996 1166 3255 1222 Visilavit
3287 1182 3388 1221 nos
3424 1166 3613 1222 oriens

2015 1281 2080 1320 ex
2109 1264 2220 1318 allo
2260 1265 2326 1326 7’,
2371 1281 2388 1314 ι
2417 1261 2762 1333 splendidius
2819 1259 3064 1314 theorica
3089 1267 3142 1312 et
3193 1260 3376 1314 divina
3430 1259 3615 1330 provi-

2014 1355 2195 1410 dentia
2239 1353 2527 1409 illuStrataa
2558 1351 2782 1416 mentis,
2814 1350 2869 1404 in
2897 1350 3134 1405 tenebris
3164 1361 3220 1405 et
3245 1351 3442 1404 umbra
3467 1367 3615 1405 mor-

2016 1448 2086 1502 tis
2112 1445 2334 1516 maligni
2367 1444 2594 1506 erroris,
2631 1443 2685 1508 id
2714 1453 2817 1507 est,
2844 1443 3093 1497 Arabiam
3149 1442 3448 1513 impietatis
3473 1482 3488 1507 ,
3525 1459 3614 1498 se-

2026 1533 2217 1588 dentes
2243 1573 2256 1596 ,
2302 1531 2370 1586 ad
2423 1531 2744 1601 dirigendos
2796 1529 3166 1602 intelligibiles
3197 1533 3361 1600 pedes
3392 1541 3615 1588 nostros

2017 1624 2068 1678 in
2112 1623 2252 1677 viam
2289 1631 2342 1677 et
2374 1622 2602 1679 semitas
2635 1621 2891 1690 paciferas
2919 1622 3372 1678 constitutionis.
3411 1641 3430 1674 ι
3469 1622 3612 1690 Quis

2017 1715 2274 1786 loquetur
2320 1713 2592 1782 potentias
2651 1713 2867 1766 Domini
2897 1713 2990 1766 '°?
3019 1732 3038 1764 ι
3076 1713 3368 1769 nobiscum
3419 1716 3618 1784 psallat

2017 1807 2186 1862 David
2212 1818 2366 1876 pater
2393 1805 2483 1859 Dei
2517 1823 2532 1873 ;
2572 1823 2590 1857 ι
2621 1803 2733 1859 Aut
2781 1804 3002 1859 auditas
3029 1803 3192 1859 faciet
3215 1821 3406 1862 omnes
3429 1807 3616 1864 laudes

317 1901 512 1972 ρίους»
555 1904 918 1974 συμψαλλέτω
960 1907 1126 1968 Δαϐὶδ
1165 1905 1298 1977 ἡμῖν
1334 1909 1362 1961 ό
1412 1905 1738 1976 θεοπάτωρ·
1771 1926 1790 1958 ι
1825 1906 1908 1958 Ἀ·

2014 1901 2134 1971 ejus
2159 1900 2251 1954 ³ίῖ
2289 1919 2306 1950 ι
2345 1899 2611 1971 quoniam
2669 1898 2931 1954 misertus
2983 1907 3072 1954 est
3126 1898 3276 1954 Deus
3337 1899 3616 1971 desperati

315 1993 550 2057 κουστὰς
597 1997 819 2065 ποιήσει
852 1996 1039 2060 πάσας
1087 1997 1187 2060 τὰς
1239 1996 1482 2061 αἰνέσεις
1539 1995 1789 2064 αῦτοῦμ
1825 1997 1908 2050 ὅτι

309 2085 552 2156 ἠλέησεν
579 2088 607 2140 ό
639 2086 772 2152 Θεὸς
817 2090 910 2142 τὸν
939 2090 1371 2161 ἀπεγνωσμένον
1413 2089 1545 2142 λαὸν
1582 2088 1774 2153 αὑτοῦ,
1813 2090 1910 2143 καὶ

311 2179 380 2232 τὰ
410 2179 685 2235 διεστῶτα
723 2183 862 2252 πρὸς
901 2182 1032 2254 μίαν
1066 2183 1276 2254 συνῆψε
1324 2183 1565 2247 πίστεως
1617 2182 1907 2254 ἁρμονίαν.

317 2290 337 2322 ι
369 2271 498 2324 Ὀτι
532 2271 725 2343 ήγειρε
758 2273 930 2344 κέρας
987 2277 1272 2347 σωτηρίας
1313 2277 1446 2347 ἡμῖν
1471 2295 1490 2326 ι
1530 2276 1626 2330 καὶ
1672 2274 1913 2347 ἀνορθώ-

315 2377 458 2424 σεως
508 2362 568 2416 ἐν
591 2363 726 2434 οῖκῳ
756 2365 851 2416 καὶ
880 2363 1116 2436 θεοδὸχῳ
1147 2363 1262 2438 ναῷ
1292 2367 1387 2420 τοῦ
1421 2365 1748 2436 μονογενοῦς
1781 2365 1912 2419 Υίοῦ

311 2455 514 2520 αὑτοῦ,
563 2459 774 2528 Κυρίου
817 2458 873 2512 δὲ
903 2461 997 2514 καί
1036 2460 1174 2514 Θεοῦ
1205 2463 1300 2516 καὶ
1324 2463 1578 2533 Σωτῆρος
1603 2462 1761 2534 ἡμῶν
1809 2463 1912 2532 ’ἰηι-

308 2546 404 2602 σοῦ
450 2548 724 2619 Χριστοῦ⁶
759 2549 962 2615 οἵτινές
1021 2551 1146 2604 ὲστε
1189 2552 1348 2622 ὑμεῖς
1389 2552 1706 2621 ἁγιώτατοι,
1741 2554 1838 2618 καὶ
1865 2553 1913 2606 οί

304 2638 376 2692 τὰ
414 2639 651 2712 δεύτερα
701 2641 844 2696 κατά
875 2641 1079 2714 θεσμὸν
1121 2644 1217 2698 καὶ
1263 2644 1420 2711 τάξιν
1460 2645 1790 2717 Ἑκκλησίας
1821 2645 1918 2715 φέ-

310 2748 504 2802 ροντες
553 2732 708 2804 ὑμῶν
762 2733 1083 2806 θεοστεφεῖς
1115 2736 1471 2808 τροπαιοῦχοι
1518 2738 1614 2792 καὶ
1641 2737 1914 2808 θεοψήφιο

307 2842 430 2880 στοι
482 2825 728 2896 βασιλεῖς
779 2828 940 2900 ήμῶν
971 2830 1068 2883 καὶ
1095 2829 1360 2883 δεσπόται
1396 2813 1503 2901 τῆς
1525 2831 1867 2904 οἰκουμένης
1892 2848 1906 2864 ο

305 2918 588 2992 ιερωσύνη
622 2920 733 2991 γὰρ
765 2919 1050 2992 βασιλείας
1081 2923 1358 2994 ἀγιασμός
1387 2925 1626 2980 ἐστικαὶ
1657 2926 1916 2980 ἀναστοι-

303 3008 556 3081 χείωσις,
592 3011 693 3064 καὶ
745 3010 994 3082 βασιλεία
1050 3011 1357 3085 ἱερωσύνης
1424 3015 1578 3086 ἰσχῦς
1639 3015 1733 3069 καὶ
1782 3032 1914 3088 κρα-

301 3100 555 3172 ταίωμα.
609 3103 746 3174 Περὶ
807 3093 882 3156 ὧν
934 3103 1100 3172 σοφός
1139 3120 1198 3156 τε
1226 3103 1361 3170 ἄναξ
1393 3106 1488 3158 καὶ
1518 3105 1576 3158 ἐν
1603 3103 1918 3174 βασιλεῦσιν

299 3191 490 3262 ἁγίοις
534 3192 639 3265 ἔφη
711 3196 1180 3266 μακαριστότατος
1211 3214 1222 3226 ·
1253 3197 1529 3266 Μέγιστον
1565 3196 1737 3269 δῶρον
1786 3198 1918 3262 Θεὸς

2016 1993 2201 2064 populi
2239 1992 2348 2059 sui,
2391 2001 2444 2047 et
2479 1991 2738 2048 distantia
2769 1992 2834 2046 ad
2865 2007 3034 2048 unam
3059 1991 3185 2048 fidei
3225 1991 3448 2061 collegit
3480 1993 3614 2048 har-

2013 2088 2280 2142 moniam.
2315 2105 2334 2138 ι
2386 2085 2452 2140 Ει
2501 2087 2679 2141 erexit
2737 2101 2908 2140 cornu
2947 2086 3144 2142 salutis
3185 2085 3344 2141 nobis
3373 2085 3422 2118 ⁸¹
3450 2124 3466 2149 ,
3505 2105 3524 2138 ι
3561 2093 3617 2140 et

2014 2180 2338 2236 directionis
2375 2179 2430 2233 in
2465 2179 2651 2244 domo,
2679 2189 2731 2234 et
2764 2179 3050 2234 dominum
3083 2179 3381 2249 recipiente
3411 2179 3618 2248 templo

2014 2272 2284 2345 unigeniti
2309 2271 2432 2326 Filii
2471 2271 2582 2338 sui,
2623 2269 2841 2326 Domini
2883 2271 3139 2326 videlicet
3175 2271 3268 2326 Dei
3299 2287 3364 2326 ac
3419 2269 3616 2326 Salva—

2017 2364 2152 2418 toris
2179 2364 2353 2419 nostri
2383 2361 2512 2418 Jesu
2536 2362 2742 2418 Christi
2776 2381 2790 2417 :
2827 2362 2976 2434 quod
3007 2361 3144 2418 estis
3175 2377 3272 2418 vos
3323 2361 3624 2417 sanctissi--

2015 2456 2363 2526 mi“,atque
2390 2455 2448 2510 hi
2477 2455 2569 2525 qui
2600 2464 2784 2524 partes
2803 2455 3075 2512 secundas
3106 2453 3368 2510 Ecclesiae
3395 2459 3619 2523 portant

2015 2564 2110 2618 per
2141 2546 2313 2616 legem
2347 2555 2400 2602 et
2429 2547 2678 2601 ordinem
2727 2545 2992 2602 Ecclesiae
3024 2554 3226 2600 nostra:
3247 2585 3262 2612 ,
3301 2544 3613 2614 triumpha-

2015 2649 2161 2696 tores
2217 2639 2430 2696 scilicet
2497 2654 2562 2694 ac
2622 2638 2891 2694 divinitus
2946 2638 3184 2694 redimiti
3245 2653 3342 2694 seu
3399 2637 3612 2692 decreti

2016 2732 2293 2802 principes
2327 2732 2497 2787 nostri
2537 2741 2591 2786 et
2624 2731 2833 2786 domini
2869 2741 3142 2786 terrarum
3187 2731 3367 2786 orbis.
3417 2727 3618 2786 Sacer-

2017 2825 2230 2880 dotium
2317 2825 2462 2879 enim
2517 2824 2734 2894 imperii
2786 2825 3153 2880 sanctificatio
3217 2831 3304 2880 est
3372 2832 3425 2880 ct
3479 2838 3616 2880 con-

2003 2918 2270 2985 stitutio,
2300 2926 2355 2973 et
2385 2917 2681 2988 imperium
2713 2917 3010 2977 sacerdotii
3049 2915 3318 2972 fortitudo
3345 2924 3402 2972 et
3424 2916 3614 2972 firma-

2020 3019 2313 3066 mentum:
2362 3009 2432 3066 de
2475 3010 2681 3081 quibus
2751 3012 2970 3080 sapiens
3005 3011 3229 3082 quidam
3272 3011 3530 3081 princeps
3559 3018 3616 3067 et

2029 3104 2088 3159 in
2146 3104 2355 3160 sanctis
2430 3105 2654 3176 regibus
2721 3105 3080 3161 beatissimus
3136 3105 3261 3160 ait:
3309 3103 3611 3160 Maximum

2021 3195 2228 3251 donum
2265 3195 2411 3252 Deus
2457 3195 2778 3253 hominibus
2824 3196 3100 3268 praestitit,
3159 3195 3532 3252 sacerdotium
3561 3206 3618 3252 et

298 3261 639 3355 ἀνθρώποις⁷
689 3261 966 3358 παρέσγεν
1042 3261 1364 3360 ἱερωσύνην*
1443 3290 1538 3344 καὶ
1600 3261 1908 3360 βασιλείαν·

2023 3289 2315 3355 imperium
2351 3307 2364 3342 :
2397 3288 2528 3343 illud
2562 3287 2784 3359 quidem
2819 3291 3096 3343 adornans
3131 3298 3185 3344 et
3209 3304 3408 3358 regens
3440 3289 3612 3345 coale-

298 3373 402 3446 τὴν
479 3374 578 3445 μὲν
631 3375 699 3431 τὰ
748 3378 980 3449 οὐράνια
1039 3381 1501 3452 κατακοσμοῦσαν
1547 3383 1642 3435 καὶ
1693 3383 1912 3438 5:527:00-

298 3483 426 3533 σαν,
464 3467 560 3540 τὴν
591 3468 649 3523 δὲ
675 3468 1028 3536 οίακίζουσαν
1054 3473 1278 3544 θεσμοῖς
1304 3473 1538 3538 δικαίοις
1572 3475 1640 3528 τὰ
1671 3475 1909 3543 ἐπίγεια.

295 3561 420 3614 Νῦν
503 3560 724 3632 ἀληθῶς
775 3563 836 3618 τὸ
891 3567 1213 3634 μεσότοιχον
1252 3564 1346 3618 τοῦ
1405 3565 1668 3637 φραγμοῦ
1729 3568 1911 3621 διαλέ-

294 3654 499 3719 λυται,
558 3656 654 3709 καὶ
712 3658 1006 3728 συμφωνία
1066 3658 1334 3730 κατάρχει
1407 3659 1752 3729 διαφωνίας,
1815 3663 1912 3716 καὶ

297 3745 622 3800 ῦποκύπτει
657 3747 854 3804 ἑνώσει
913 3749 1200 3822 διαίρεσις.
1236 3752 1330 3806 καὶ
1380 3752 1613 3824 φροῦδος
1667 3755 1909 3826 κατέστη

294 3837 630 3904 διάστασιςο
670 3840 830 3910 καὶὴ
881 3845 1071 3915 εἰρήνη
1143 3841 1232 3898 τοῦ
1291 3845 1430 3900 Θεοῦ
1479 3847 1513 3918 ἡ
1556 3849 1909 3920 ὑπερέχουσα

302 3933 498 3986 πάντα
546 3931 694 3997 νοῦν,
725 3933 968 4004 φαιδρῶς
1020 3935 1301 4004 πομπεύει
1344 3937 1426 4008 τῷ
1471 3938 1776 4009 προσώπῳ,
1812 3940 1908 3994 καὶ

295 4026 814 4098 παρῤησιαστικῶς
851 4026 1218 4084 πολιτεύεται.
1281 4031 1398 4085 Νῦν
1432 4051 1450 4083 ι
1475 4033 1540 4085 Οἱ
1581 4031 1906 4102 γενηθέντες

301 4117 473 4186 ἡμεῖς
523 4115 730 4181 ὄνειδος
774 4119 890 4183 τοῖς
951 4118 1158 4188 γείτοσι
1234 4121 1331 4176 καὶ
1367 4122 1692 4200 συνομοροις
1723 4123 1902 4194 ἡμῶν,

299 4210 699 4282 μυκτηρισμὺς
723 4212 818 4267 καὶ
839 4209 1150 4284 χλευασμὸς
1179 4217 1294 4278 τοῖς
1323 4216 1512 4287 κύκλῳ
1536 4217 1714 4289 ἡμῶν,
1741 4236 1760 4269 ι
1795 4219 1902 4272 κάκ

292 4301 500 4354 τούτου
533 4301 668 4371 πρὸς
706 4302 811 4372 γῆν
859 4305 1175 4374 κεχηνότες,
1202 4306 1282 4370 εἰς
1324 4307 1588 4376 οὐρανοὺς
1641 4306 1901 4376 ἐκθύμως

293 4389 771 4460 συνανανεύομεν,
803 4392 899 4444 καὶ
947 4391 1242 4462 ψαλμικῶς
1292 4395 1350 4447 ὲν
1399 4395 1722 4463 ἀγαλλιάσει
1769 4397 1901 4450 ἀνα-

294 4479 586 4552 κράζομεν
619 4497 634 4512 ³
679 4501 698 4537 ι
730 4481 818 4534 Ἐν
842 4482 1020 4554 τούτῳ
1077 4484 1272 4553 ἔγνων,
1325 4487 1403 4541 δτι
1461 4487 1760 4558 τεθέληκάς
1807 4505 1897 4559 με,

294 4574 383 4628 ὃτι
421 4573 482 4673 οῦ
516 4573 591 4645 μὴ
617 4575 857 4646 ἐπιχαρῇ
888 4575 916 4626 ό
942 4575 1136 4646 ἐχθρός
1189 4595 1292 4647 μου
1338 4580 1426 4631 ἐπ’
1461 4579 1608 4651 ἐμοί.
1637 4598 1656 4631 ›
1695 4580 1894 4650 Κάμοῦ
1928 4618 1974 4673 D

293 4665 357 4718 δὲ
388 4663 480 4718 διὰ
509 4664 609 4738 τὴν
638 4665 879 4720 ἀκακίαν
913 4667 1008 4720 καὶ
1052 4666 1334 4738 ἁπλότητα
1387 4669 1572 4742 πλάνῃ
1626 4689 1893 4742 περιτρα-

293 4757 502 4821 πέντος
531 4757 852 4821 ἀντελάεου,
889 4757 984 4812 καὶ
1014 4757 1287 4822 διασώσας
1322 4775 1388 4830 με
1435 4759 1764 4832 ἀνέστησας,
1797 4759 1895 4814 καὶ

290 4850 396 4902 ἐπὶ
422 4848 521 4920 τὴν
566 4849 773 4922 πέτραν
801 4849 903 4919 τῆς
932 4851 1300 4921 ἀποπολικῆς
1363 4851 1601 4916 πίστεως
1625 4853 1753 4916 τοὺς
1785 4870 1896 4922 χω-

290 4941 573 5007 λάναντάς
606 4958 708 5013 μου
740 4941 908 5008 πόδας
932 4943 1264 5016 κατέπηξας.

378 5033 569 5088 Ταῦτα
596 5035 692 5088 καὶ
724 5035 794 5089 τὰ
817 5035 1032 5100 τούτοις
1057 5033 1296 5107 γράφειν
1321 5036 1470 5106 ἡμᾶς
1505 5033 1721 5107 συνῳδὰ
1749 5053 1893 5107 παρ-

291 5124 616 5181 εσκεύασαν
672 5128 731 5180 αἱ
784 5127 1147 5200 θεοχάρακτοι
1174 5127 1353 5184 δέλτοι
1409 5128 1587 5199 ὑμῶν,
1621 5127 1690 5192 ἃς
1738 5145 1898 5182 κανο-

297 5216 446 5288 νικῷ
477 5220 796 5290 κινούμενοι
837 5219 1012 5293 νόμῳ,
1044 5221 1140 5274 καὶ
1169 5221 1642 5294 πατροπαραδότῳ
1673 5219 1900 5293 εὐταξίᾳ

295 5309 733 5382 ποδηγούμενοι,
765 5315 881 5376 τοῖς
928 5313 1058 5376 τοὺς
1113 5313 1510 5377 ἀποστολικοῦς
1565 5313 1790 5386 θρόνους
1821 5313 1899 5367 δι-

295 5400 462 5454 έπειν
489 5403 714 5474 λαχοῦσι
739 5403 828 5457 διὰ
876 5404 1165 5479 ξυνωρίδος
1194 5406 1355 5475 ἀγίας
1382 5407 1476 5460 καὶ
1509 5405 1773 5468 amcos;
1805 5405 1899 5458 καὶ

295 5493 645 5566 θεοδηγήτου·
691 5494 1054 5568 πεπόμφατε·
1108 5499 1306 5564 οἵτινες
1380 5499 1730 5570 ἀφικόμενοι,
1805 5499 1900 5552 καὶ

291 5586 444 5640 κατὰ
469 5586 605 5640 Θεοῦ
627 5587 883 5660 βούλησίν
895 5607 952 5644 τε
978 5592 1071 5644 καὶ
1091 5591 1370 5646 ὲπίνευσιν
1385 5594 1762 5666 ὑπηντηκότες
1785 5595 1898 5657 τοῖς

375 5724 426 5797 το
473 5727 618 5786 Psal.
649 5744 743 5792 x1,
771 5730 826 5786 9.
901 5731 947 5764 τ’
1008 5728 1138 5785 Luc.
1185 5747 1222 5797 l,
1257 5730 1342 5785 78.

1422 5735 1468 5768 3°
1526 5731 1672 5787 Psal.
1741 5749 1828 5796 cv,
1865 5733 1922 5786 ‘3.
1999 5732 2041 5762 ⁸⁸
2081 5732 2210 5786 ibid.

2017 3382 2142 3447 stin,
2206 3381 2306 3436 hoc
2339 3397 2466 3436 vero
2497 3381 2822 3452 gubernans
2857 3381 3073 3452 legibus
3101 3381 3270 3451 justis
3304 3382 3610 3437 terrestria.

2020 3475 2180 3531 Nunc
2219 3476 2486 3530 veraciter
2513 3476 2724 3532 medius
2755 3476 3012 3531 maceriae
3041 3477 3226 3546 paries
3259 3475 3476 3532 solutus
3502 3485 3610 3540 est,

2012 3577 2066 3623 et
2097 3566 2393 3623 concordia
2445 3568 2738 3624 discordiae
2784 3569 3150 3640 principatur,
3187 3578 3242 3622 et
3273 3568 3600 3622 incurvatur

2012 3659 2207 3714 unitati
2241 3659 2459 3726 divisio,
2492 3671 2544 3714 et
2570 3660 2692 3730 fuga
2721 3659 2870 3731 lapsa
2921 3659 3194 3730 disparuit
3219 3659 3562 3715 dissonantia
3593 3675 3608 3712 :

2009 3763 2065 3806 et
2099 3766 2206 3821 pax
2240 3751 2334 3806 Dei
2363 3768 2486 3821 qua:
2515 3763 2811 3822 exsuperat
2840 3767 3059 3807 omnem
3085 3768 3330 3816 sensum,
3358 3752 3607 3822 jucundo

2011 3845 2160 3900 vultu
2201 3836 2535 3914 triumphat,
2576 3854 2630 3901 ct
2668 3843 2995 3900 lidncialiter
3036 3854 3414 3900 conversatur.
3451 3843 3611 3900 Nunc

2009 3953 2111 3994 nos
2172 3958 2191 3990 ι
2243 3939 2336 4008 qui
2389 3938 2520 3992 facti
2573 3939 2854 3994 fueramus
2918 3939 3272 4009 opprobrium
3332 3938 3526 3993 vicinis
3557 3947 3612 3992 et

2008 4029 2262 4084 aliinihus
2300 4030 2524 4092 nostris,
2567 4027 2924 4084 subsannatio
2951 4037 3004 4082 et
3059 4028 3265 4082 derisio
3303 4027 3390 4083 his
3432 4027 3603 4098 quiin

2005 4122 2244 4176 circuitu
2278 4133 2468 4177 nostro
2505 4130 2632 4176 sunt
2666 4120 2734 4188 ",
2770 4139 2789 4172 ι
2824 4136 2888 4174 ac
2913 4135 3012 4188 per
3034 4119 3137 4174 hoc
3166 4119 3231 4174 ad
3257 4129 3457 4174 terram
3490 4135 3604 4188 prie

2003 4216 2331 4271 confusione
2358 4215 2782 4285 prospicientes,
2821 4213 2888 4268 ad
2921 4214 3091 4270 cmlos
3116 4213 3362 4267 unanimi
3395 4213 3601 4268 alacri-

2005 4316 2112 4372 tate
2133 4307 2490 4377 suspicimus,
2511 4306 2871 4376 etpsallentes
2899 4307 2950 4360 in
2977 4306 3344 4361 exsultatione
3377 4305 3599 4375 procla-

2003 4415 2219 4453 tnamus
2254 4417 2266 4452 :
2303 4417 2320 4449 ι
2361 4399 2421 4452 lu
2457 4399 2561 4453 hoc
2594 4397 2828 4468 cognovi
2871 4437 2886 4462 ,
2919 4397 3180 4468 quoniam
3225 4397 3448 4451 voluisti
3495 4413 3600 4461 nte,

2003 4494 2131 4560 quia
2168 4510 2272 4547 non
2323 4492 2580 4563 gaudebit
2624 4491 2881 4547 inimicus
2921 4507 3076 4546 meus
3125 4507 3288 4565 super
3347 4507 3433 4544 me
3460 4490 3528 4544 ⁸⁵.
3575 4509 3592 4542 ι

2003 4583 2088 4640 Me
2119 4594 2302 4640 autem
2359 4593 2582 4657 propter
2654 4583 3023 4638 innocentiam
3085 4593 3138 4638 et
3191 4582 3595 4651 simplicitatem

2005 4679 2208 4733 erroris
2237 4675 2470 4750 [errore]
2491 4677 2810 4732 titubantem
2844 4675 3156 4746 suscepisti,
3181 4683 3233 4729 et
3264 4675 3478 4729 salvum
3508 4690 3598 4728 me

2008 4769 2216 4826 faciens
2249 4772 2506 4835 crexisri,
2540 4779 2595 4824 et
2639 4786 2806 4840 super
2859 4779 3064 4838 petram
3118 4767 3435 4836 apostolica:
3469 4767 3594 4821 fidei

2005 4863 2383 4918 claudicantes
2422 4863 2586 4934 pedes
2618 4877 2770 4916 meos
2806 4844 3056 4915 intixisti.

2075 5038 2203 5095 llaec
2241 5048 2295 5094 et
2326 5037 2412 5092 his
2451 5035 2796 5093 coneinentia
2833 5033 3076 5090 scribere
3119 5049 3218 5090 nos
3255 5032 3502 5088 fecerunt
3524 5033 3608 5087 di-

2009 5132 2213 5187 vinitus
2251 5139 2476 5187 exarata
2535 5128 2819 5186 volumina
2880 5137 3100 5194 vestra,
3159 5142 3283 5197 qua:
3334 5126 3605 5180 canonica

2008 5225 2141 5279 moti
2173 5225 2290 5294 lege
2314 5264 2331 5291 ,
2363 5230 2416 5277 et
2464 5227 2712 5293 paterna:
2743 5219 3056 5276 traditionis
3111 5215 3399 5286 disciplina
3425 5215 3599 5278 docti,

2007 5315 2094 5372 his
2124 5317 2218 5387 qui
2257 5315 2688 5386 apostolicarum
2749 5312 2962 5368 sedium
3017 5311 3375 5366 moderamen
3421 5309 3605 5364 sortiti

2007 5421 2160 5472 sunt,
2206 5423 2301 5478 per
2341 5406 2668 5462 reverendus
2699 5416 2754 5461 et
2792 5423 2822 5460 a
2857 5407 2964 5460 Deo
2989 5402 3233 5458 directas
3267 5403 3421 5471 bigas
3453 5402 3604 5456 misi-

2006 5503 2147 5556 stis:
2189 5500 2285 5570 qui
2329 5500 2731 5570 pervenientes,
2761 5507 2816 5553 ει
2872 5513 2970 5568 per
3015 5497 3111 5552 Dei
3171 5496 3511 5550 voluntatem
3538 5507 3604 5550 ac

2006 5605 2199 5650 nutum
2225 5603 2580 5649 occurrentes
2611 5593 2702 5648 Dei
2733 5592 3040 5649 cultoribus
3080 5590 3344 5646 fratribus
3373 5589 3600 5657 nostr-T5,

2290 5733 2336 5763 ⁸²
2379 5732 2512 5786 Luc.
2578 5747 2616 5798 ι,
2661 5729 2754 5786 69.
2833 5731 2880 5761 ⁸³
2914 5733 3112 5785 Anast.
3170 5729 3363 5794 verb.,
3404 5747 3423 5779 ι
3456 5726 3598 5794 Quia

296 5796 515 5902 grana?
540 5801 775 5902 relln:‘l)lt
827 5802 1174 5871 patriarchae,
1202 5796 1326 5857 nam
1372 5803 1608 5872 ιιι-ἱηωιιι
1645 5807 1695 5858 in
1742 5804 1827 5856 l‘lm
1853 5803 1980 5856 lvsiu
2027 5804 2200 5858 locum
2251 5804 2534 5873 possident
2566 5796 2901 5858 sucet'tlott‘s.
2938 5819 2955 5851 ι
3037 5801 3081 5832 ³⁸³
3115 5799 3256 5855 l’sal.
3285 5811 3514 5862 LXXVI",
3540 5801 3594 5858 4.

374 5864 520 5927 Psal.
555 5887 652 5932 ιι..
684 5871 765 5926 12.
