4026 6382
425 429 559 497 ιιτι

1504 435 1560 495 S-
1603 434 1910 496 TARASII
1950 433 2461 497 PATRIARCIIE
2498 435 2610 497 ΟΡ.

3578 439 3719 508 1472

422 547 559 600 viris
587 545 830 611 sanctis,
862 545 959 617 qui
991 546 1263 603 dederunt
1291 545 1506 601 animas
1539 561 1669 602 suas
1698 563 1794 614 pro
1830 546 2007 602 Eccie'

2119 545 2544 610 εὖσεδεατάτοις
2597 545 2850 617 ἀδελφοῖς
2904 547 3064 621 ἡμῶν
3088 549 3348 622 ἀνδράσιν
3404 550 3585 623 ἁγίοις
3614 554 3712 611 καὶ

423 638 630 695 siarum
685 640 1028 693 correctione
1061 649 1151 706 ;el
1184 638 1447 710 recogniti
1481 654 1545 693 cx
1587 639 1757 693 veleri
1785 646 1840 694 et
1872 638 2016 692 anti-

421 744 528 797 qna
560 729 979 784 conversatione
1011 771 1027 794 ,
1075 729 1231 784 valde
1261 729 1434 800 gavisi
1467 739 1595 785 sunt
1626 747 1640 784 :
1677 739 1732 784 et
1770 731 2009 786 maxime

421 820 758 890 tt-pcritzntt-s
781 822 978 875 ambos
1004 822 1062 875 in
1097 837 1207 876 uno
1236 822 1354 876 loco
1402 820 1685 891 degentes,
1709 830 1763 876 ct
1788 821 2010 877 modum

424 909 533 965 Deo
594 911 855 981 placitum
916 920 1325 984 persequentes.
1385 912 1454 968 Et
1499 927 1623 969 sese
1687 914 2011 975 revelantes,

422 1022 457 1056 o
491 1004 785 1062 tnndterunt
819 1005 903 1060 eis
948 1005 1293 1061 urtltodoxia:
1322 1013 1518 1063 vestra:
1545 1005 1654 1062 Deo
1682 1006 1934 1062 decentes
1959 1016 2016 1062 ct

420 1098 616 1165 dignos
655 1098 1025 1154 admiratione
1050 1097 1288 1163 libellos,
1319 1097 1618 1155 referentes
1649 1115 1743 1169 per
1764 1099 2015 1156 ordinem

423 1187 534 1245 lico
570 1189 784 1258 μιαί-ξιιυ
813 1189 1126 1245 sanctitatis
1170 1199 1366 1245 vestrae
1394 1190 1616 1255 mentis,
1641 1199 1694 1246 et
1722 1191 1872 1263 pium
1904 1191 2016 1249 Deo

419 1291 876 1336 conservatorum
907 1277 1259 1337 dominorum
1282 1287 1598 1336 nostrorqu
1627 1281 1942 1345 consilium,
1960 1290 2017 1344 ct

419 1370 733 1426 communis
763 1369 1012 1426 omnium
1039 1369 1236 1429 salutis
1266 1373 1758 1444 exspectationem,
1779 1382 1833 1428 et
1863 1373 2015 1430 circa

422 1462 592 1519 Deum
617 1461 737 1519 sine
758 1462 1085 1520 confusione
1114 1479 1290 1534 spem.
1310 1464 1378 1518 At
1398 1463 1481 1518 illi
1509 1463 1669 1536 quasi
1701 1480 1868 1520 unam
1894 1467 2015 1520 aui.

420 1574 568 1617 mam
600 1558 653 1613 in
684 1557 900 1614 duobus
929 1558 1257 1629 corporibus
1290 1557 1580 1623 habentes.
1608 1568 1665 1614 et
1697 1575 1895 1630 unum,
1932 1576 2017 1616 se-

419 1650 668 1707 cundum
720 1650 1068 1720 Apostolum,
1103 1650 1403 1720 sapientes,
1453 1658 1510 1706 et
1543 1665 1574 1706 a
1602 1649 1790 1707 divino
1825 1651 2016 1723 agitati

421 1741 655 1812 Spiritu,
689 1751 902 1799 secreto
926 1741 1130 1812 pariter
1153 1751 1208 1798 et
1238 1743 1604 1814 intelligentcr
1653 1742 1851 1800 fratres
1881 1759 2020 1800 con-

419 1843 666 1904 tegentes
699 1843 755 1889 ct
783 1833 1127 1890 occultantes
1166 1843 1388 1907 prapter
1417 1834 1773 1893 formidinem
1826 1836 2016 1894 inimi-

416 1943 607 1983 corum
639 1925 860 1993 crucis,
898 1942 1022 1998 quae
1052 1926 1183 1983 hinc
1214 1920 1344 1983 inde
1370 1927 1636 2000 disposita
1668 1928 1868 1996 fuerat,
1906 1945 2016 1986 non

414 2018 536 2075 ausi
566 2029 717 2085 sunt,
749 2033 877 2075 cum
907 2029 1094 2075 essent
1126 2019 1430 2090 sapientes,
1471 2021 1556 2076 vel
1595 2020 1822 2078 credere
1848 2021 2018 2078 visio-

413 2125 540 2167 nem
573 2108 846 2180 ipsorum,
881 2108 964 2165 vel
1009 2124 1193 2166 causa:
1240 2108 1461 2180 operari
1492 2109 1789 2167 decursum
1817 2129 1831 2166 :
1855 2126 2011 2182 .prze-

413 2204 607 2263 scrtint
635 2220 760 2260 cum
791 2204 846 2259 in
881 2203 1079 2260 timore
1103 2218 1190 2259 res
1242 2203 1574 2268 haberetur,
1602 2212 1658 2260 et
1700 2220 1868 2276 quam
1899 2220 2017 2260 ma-

413 2297 564 2353 xime
607 2296 966 2353 crebresccns
1015 2295 1307 2351 consilium
1338 2304 1394 2350 et
1421 2295 1656 2369 diligens
1688 2293 2016 2365 circumspi-

414 2385 595 2445 ciendi
616 2395 883 2443 tractatus
902 2385 1238 2456 exigeretur.
1265 2404 1285 2438 ι
1312 2384 1618 2442 Consilium
1643 2384 1787 2441 enim
1807 2384 2017 2440 bonum

411 2479 712 2544 custodiet,
748 2478 949 2550 inquit,
1009 2487 1060 2534 te
1091 2496 1108 2547 ;
1143 2478 1406 2550 cogitatio
1437 2493 1566 2534 vere
1617 2478 1763 2534 bona
1824 2493 2014 2534 serva-

414 2572 494 2629 bit
518 2582 570 2628 te
615 2573 686 2626 ⁸⁸.
729 2590 749 2624 ι
803 2570 873 2628 Ει
906 2586 1036 2627 ecce
1090 2571 1223 2627 dum
1283 2572 1478 2627 lateret
1536 2586 1634 2628 eos
1667 2570 1762 2643 qui
1803 2587 1863 2628 se
1909 2571 2016 2628 sub

414 2665 646 2721 tuitione
671 2664 940 2721 custodiae
959 2663 1208 2741 [quosin
1229 2680 1344 2721 sum
1377 2665 1630 2721 tuitionis
1678 2662 2013 2739 custodiam}

412 2766 739 2831 posuerunt,
773 2767 1178 2815 concurrerunt
1208 2773 1382 2829 usque
1415 2757 1484 2813 ad
1516 2765 1733 2814 nos:et
1767 2758 1822 2813 in
1871 2756 2012 2827 itlip-

411 2865 539 2904 sum
592 2860 995 2923 congregantes
1056 2850 1304 2917 silenter,
1340 2849 1706 2906 humilitatem
1765 2858 2012 2907 nostram

412 2942 592 3013 primo
625 2941 846 3013 quidem
915 2941 1360 3012 adjurameutum
1420 2942 1726 2999 vincientes
1757 2942 1802 2976 ⁸⁷
1831 2982 1848 3010 ,
1909 2957 2012 2998 nos

413 3050 637 3093 Servare
690 3047 908 3093 secreto
950 3052 1016 3092 ac
1069 3036 1193 3092 sine
1239 3037 1643 3109 propalatione,
1677 3053 1803 3110 qum
1829 3037 1899 3094 ab
1929 3038 2012 3095 eis

2117 638 2378 694 δεδωκόσι
2405 639 2507 704 τὰς
2535 639 2714 711 ψυχᾶς
2741 639 2925 696 αὐτῶν
2955 640 3098 715 ὑπὲρ
3125 643 3224 713 τῆς
3245 642 3357 697 τῶν
3372 643 3711 718 Ἑκκληαιῶν

2120 727 2487 800 διορθώσεως,
2521 729 3032 800 ἀναγνωρισθέντες
3080 733 3147 787 ἐκ
3201 731 3442 799 παλαιᾶς
3486 734 3584 789 καὶ
3615 735 3714 807 ἀρ-

2119 819 2284 890 χαίας
2316 820 2688 893 ἀναστροφῆς,
2732 820 2856 876 λίαν
2885 821 3169 893 ἐχάρησαν
3188 839 3203 854 °
3232 823 3329 878 καὶ
3359 823 3598 896 μάλιστα
3624 826 3717 880 eti-

2120 909 2353 983 ρηκότες
2394 910 2568 982 ἄμφω
2623 913 2682 965 ὲν
2715 911 2798 966 ἐνὶ
2829 910 3217 982 διατρίϐοντας
3257 913 3434 987 τόπῳ,
3480 915 3581 970 καὶ
3619 915 3716 970 τὸν

2119 998 2348 1071 θεοφιλῆ
2384 997 2589 1072 τρόπον
2613 999 2930 1068 διώκοντας.
2962 1002 3075 1058 Καὶ
3104 1003 3556 1076 ἀνακαλύψαντες
3580 1006 3718 1060 ἑαυ-

2117 1093 2268 1160 τοὺς,
2295 1091 2586 1163 ὑπέδειξαν
2635 1093 2822 1160 αὐτοῖς
2866 1097 2996 1160 τοὺς
3046 1096 3149 1167 τῆς
3194 1095 3508 1168 ὁρθοδοξίας
3555 1097 3717 1168 ἐμῶν
3760 1118 3771 1129 ο

2120 1180 2451 1257 θεοπρεπετς
2500 1185 2597 1239 καὶ
2637 1183 3002 1256 ἀξιαγάστους
3041 1176 3342 1253 λιὸέλλους,
3369 1187 3717 1261 διηγησάμε-

2119 1289 2201 1327 νοι
2235 1272 2359 1328 κατ’
2388 1272 2517 1340 ltro;
2558 1274 2660 1344 τῆς
2705 1273 3009 1347 θεαρέστου
3036 1274 3270 1350 γνώμης
3305 1277 3406 1350 τῆς
3426 1276 3531 1349 σῆς
3557 1279 3718 1350 ἁγιό-

2118 1382 2303 1436 τητος,
2338 1367 2436 1422 καὶ
2486 1366 2596 1424 τῶν
2630 1367 3020 1439 θεοφυλάκτων
3065 1368 3348 1427 δεσποτῶν
3398 1370 3557 1443 ἡμῶν
3609 1371 3716 1443 τὴν

2120 1456 2433 1527 εὐϐουλίαν,
2479 1461 2577 1516 καὶ
2623 1460 2723 1531 τῆς
2771 1445 2960 1535 κοινῆς
2983 1460 3094 1518 τῶν
3123 1463 3264 1518 ὅλων
3296 1463 3575 1536 σωτηρίας
3607 1465 3718 1536 τὴν

2120 1549 2473 1620 προσδοκίαν,
2489 1549 2601 1606 ’καὶ
2642 1551 2784 1624 πρὸς
2832 1552 2968 1607 Θεὸν
3008 1552 3445 1626 ἀκαταίσχυντον
3491 1554 3714 1613 ἐλπίδα.

2120 1641 2183 1695 υί
2215 1641 2274 1696 δὲ
2321 1640 2514 1716 ὥσπερ
2553 1643 2684 1716 μίαν
2722 1643 2902 1719 ψυχὴν
2942 1647 3002 1700 ὲν
3041 1646 3163 1703 δυσὶ
3198 1648 3447 1721 σώμασιν
3471 1647 3709 1721 ἔχοντες,

2119 1733 2214 1787 καὶ
2242 1733 2305 1787 τὸ
2330 1732 2390 1789 ἓν
2418 1734 2795 1801 ἀποστολικῶς
2817 1737 3168 1808 φρονοῦντες,
3200 1740 3297 1796 καὶ
3318 1740 3426 1796 tit-rb
3443 1740 3539 1797 τοῦ
3554 1742 3711 1797 θείου

2122 1824 2433 1898 κινούμενοι
2461 1827 2804 1900 Πνεύματος,
2844 1832 3127 1903 μυστικῶς
3160 1831 3283 1907 ἅμα
3328 1834 3424 1889 καὶ
3467 1833 3714 1900 συνετῶς
3805 1903 3811 1907 ν

2117 1918 2244 1982 τοὺς
2267 1917 2534 1990 ἀδελφοὺς
2563 1922 3009 1994 περιστείλαντές
3034 1943 3096 1980 τε
3128 1927 3226 1981 καὶ
3252 1926 3717 2000 κατακρύψαντες

2113 2011 2206 2068 διὰ
2244 2011 2308 2066 τὸ
2344 2013 2726 2086 περιστοιχοῦν
2756 2014 2878 2082 δέος
2920 2015 3032 2072 τῶν
3061 2016 3276 2090 ἐχθρῶν
3305 2016 3402 2072 τοῦ
3438 2018 3710 2092 σταυροῦ,

2115 2103 2177 2159 ού
2220 2104 2668 2179 πτεθάρρησαν,
2702 2109 2909 2180 καίπερ
2964 2111 3122 2182 σοφοὶ
3164 2110 3417 2186 ὅντες;ἢ
3467 2129 3716 2167 καταπι·

2117 2195 2344 2252 στεῦσαι
2373 2200 2475 2270 τῆς
2505 2199 2658 2269 σφῶν
2689 2200 2870 2256 αὐτῶν
2898 2199 3157 2274 θεωρίας,
3192 2200 3226 2274 ἢ
3261 2201 3363 2274 τῆς
3391 2201 3714 2268 ὑποθέσεως

2114 2289 2412 2362 ἐνεργῆσαι
2456 2289 2557 2363 τὴν
2605 2288 2859 2356 διέξοδον,
2912 2291 3251 2366 δεδεημένης
3300 2292 3400 2348 καὶ
3462 2292 3713 2365 μάλιστα

2113 2380 2570 2454 διεσμιλευμένης
2615 2383 2710 2438 καὶ
2764 2385 3207 2458 πεπυκνωμένης
3251 2384 3451 2458 βουλῆς
3499 2403 3558 2441 τε
3609 2386 3717 2442 καὶ

2116 2472 2386 2544 σκέψεως.
2423 2493 2441 2526 ι
2464 2473 2641 2548 Βουλῆ
2688 2475 2822 2548 γέιρ,
2866 2477 3027 2550 φησὶ,
3060 2476 3204 2549 καλὴ
3242 2475 3473 2548 φυλάξει
3507 2493 3592 2542 σε,
3618 2478 3714 2531 έν-

2113 2583 2233 2621 νοια
2261 2565 2320 2620 δὲ
2353 2566 2534 2640 ἀγαθὴ
2559 2568 2791 2640 τηρήσει
2825 2586 2909 2625 σε.
2942 2589 2962 2623 ι
3000 2570 3112 2626 Καὶ
3131 2568 3197 2642 δὴ
3229 2568 3488 2637 λαθόντες
3517 2569 3618 2637 οὓς
3650 2572 3714 2625 έν

2112 2660 2386 2733 ἀσφαλείᾳ
2415 2660 2818 2733 παραφυλακῆς
2849 2660 3138 2726 ἀπέθεντο,
3165 2662 3406 2737 ἔδραμον
3425 2663 3501 2730 ῶς
3531 2666 3711 2737 ἡμᾶς,

2112 2755 2207 2808 καὶ
2246 2754 2339 2809 ἐπὶ
2368 2753 2430 2808 τὸ
2462 2754 2595 2810 αὐτὸ
2625 2755 2947 2826 ἠθροικότες
2983 2756 3228 2829 ἀψοφητὶ
3282 2757 3382 2831 τὴν
3422 2759 3717 2830 ἡμετέραν

2108 2846 2466 2915 ταπείνωσιν,
2495 2847 2715 2921 πρῶτον
2756 2847 2857 2922 μὲν
2896 2849 3231 2922 κατακρίσει
3281 2850 3714 2926 φρικωδεστάτῃ

2112 2940 2473 3013 συνδήσαντες
2505 2943 2679 3013 ἡμᾶς,
2719 2941 2954 3013 φυλάξαι
2999 2942 3409 3016 ἀνεξαγόρευτα
3449 2942 3521 3000 τά
3561 2945 3713 3016 πρὸς

2109 3031 2293 3087 αὐτῶν
2330 3031 2732 3109 λεχθησόμενα,
2761 3033 2856 3088 καὶ
2901 3033 3096 3090 τοῦτον
3132 3033 3227 3090 τὸν
3250 3035 3455 3109 τρόπον
3485 3035 3711 3100 ἑαυτοῖς

411 3137 572 3182 erant
599 3126 855 3196 dicenda,
882 3137 937 3184 et
961 3128 1017 3184 in
1046 3128 1199 3184 hunc
1228 3129 1453 3187 modum
1478 3129 1746 3203 quidquid
1779 3130 1846 3186 ad
1874 3145 2007 3186 cau-

2113 3123 2618 3197 ἐπισεσωρευκότες
2661 3125 2724 3178 τὸ
2745 3124 3403 3198 ἀσφαλὲς,,ἀπεκάλυψαν
3435 3126 3569 3199 ἡμῖν
3595 3127 3711 3180 πᾶ-

413 3220 579 3274 tclam
631 3219 873 3289 pertinet
909 3228 1355 3292 exaggerantes,
1413 3220 1795 3276 rcvclaverunt
1851 3221 2010 3276 nobis

411 3324 632 3365 omnem
687 3308 766 3364 rei
799 3325 926 3380 qua:
964 3309 1071 3367 sibi
1141 3311 1420 3366 acciderat
1452 3349 1466 3372 .
1494 3311 2006 3368 circumstantiam.

413 3398 720 3469 Stupel'acti
751 3410 935 3456 autem
983 3411 1038 3457 et
1071 3402 1387 3471 compuncti
1417 3400 1605 3468 corde,
1638 3401 2012 3474 lacrymisque

413 3489 622 3568 perfusi
677 3491 1021 3548 ferventibus
1066 3507 1236 3564 super
1303 3493 1622 3563 ltnjusmodi
1667 3493 2009 3551 narratiOnis

410 3585 685 3643 miraculo
733 3584 1064 3661 [inopinato
1093 3585 1115 3660 1
1145 3594 1201 3642 et
1246 3587 1418 3658 gloria
1447 3593 1618 3642 tanta:
1650 3602 1836 3643 rerum
1886 3604 2009 3642 tnu-

411 3677 678 3743 talionis,
737 3677 994 3735 stetimus
1047 3679 1118 3734 ad
1167 3679 1475 3734 orationem
1517 3717 1536 3744 ,
1582 3678 1752 3734 veluti
1815 3694 2009 3750 pecca-

411 3779 560 3825 tores
605 3807 622 3832 ,
687 3783 814 3824 cum
867 3770 1062 3826 timore
1095 3785 1162 3826 ac
1219 3781 1498 3838 tremore,
1533 3780 1588 3827 et
1634 3772 1684 3827 ei
1727 3771 1822 3842 qui
1879 3770 2009 3829 facit

411 3860 604 3916 omnia
652 3900 668 3928 ,
731 3869 789 3917 et
855 3860 1121 3917 transfert
1176 3862 1244 3918 ad
1298 3862 1350 3917 id
1407 3862 1556 3937 quod
1621 3862 1819 3918 melius
1877 3873 2004 3932 est,

409 3953 693 4009 decentem
752 3953 969 4014 laudem
1034 3953 1380 4020 referentes,
1437 3954 1734 4026 petivimus
1807 3954 2008 4012 obnixe

410 4043 798 4118 benignitatem
855 4046 1014 4117 ejus,
1069 4062 1183 4121 quo
1230 4047 1285 4102 in
1339 4046 1586 4103 minimis
1653 4047 1814 4106 nobis
1854 4046 2008 4105 fleret

407 4141 643 4210 medius,
695 4150 752 4199 et
779 4157 877 4214 per
929 4143 1199 4214 Spiritum
1231 4152 1489 4201 sanctum
1525 4143 1876 4200 illucesceret
1909 4144 2005 4200 lux

416 4233 666 4290 scicntire
701 4234 754 4291 in
806 4234 1073 4292 cordibus
1099 4236 1333 4301 nostris,
1361 4245 1528 4307 atque
1553 4236 1864 4295 communis
1896 4236 2006 4292 uti-

408 4325 577 4382 litatis
626 4327 841 4382 consilii
895 4328 1130 4384 donaret
1188 4328 1473 4396 virtutem,
1531 4330 2005 4402 cogitationesque

407 4420 581 4477 tonas
618 4422 686 4478 ad
721 4420 1234 4480 determinationem
1270 4424 1465 4496 optimi
1492 4424 1660 4481 vestri
1692 4423 1996 4496 propositi:

406 4513 553 4583 quod
571 4522 624 4568 et
652 4513 804 4580 fecit,
836 4530 963 4570 cum
989 4525 1138 4572 esset
1161 4516 1436 4589 benignus
1451 4527 1620 4588 atque
1654 4519 1997 4575 misericors.

476 4601 959 4659 Consideravimus
992 4603 1184 4676 igitur,
1227 4605 1999 4674 sanctissimi,contaminata:

406 4694 647 4750 nationis
673 4704 1071 4767 cognoscentes
1095 4704 1286 4754 contra
1311 4713 1416 4755 nos
1446 4697 1878 4766 infestationem,
1907 4713 1998 4754 re-

404 4792 581 4845 tinere
606 4788 709 4846 hos
741 4790 836 4862 qui
862 4790 1017 4847 missi
1058 4799 1212 4858 sunt,
1235 4801 1291 4848 et
1313 4791 1609 4863 prohibere
1638 4791 1997 4864 appropriarc

405 4881 490 4937 Itis
517 4881 585 4937 ad
611 4897 753 4953 quos
796 4883 1053 4938 destinati
1098 4893 1259 4940 sunt:
1289 4884 1556 4940 ducentes
1612 4884 1714 4940 ltos
1776 4884 1832 4940 in
1875 4899 1994 4940 me-

401 4972 555 5030 dium
582 4981 854 5039 nostrum,
877 4984 932 5030 et
959 4975 1322 5032 admonentes
1349 4975 1675 5047 plurimum,
1717 4991 1787 5031 ne
1818 4976 1986 5033 indu-

400 5073 587 5122 cerent
612 5066 1001 5135 turbationem,
1023 5069 1152 5136 imo,
1178 5080 1237 5125 ut
1257 5068 1552 5142 specialius
1571 5068 1850 5132 dicamus,
1880 5069 1999 5126 exi-

400 5160 539 5214 tium
568 5159 1008 5230 quiescentibus,
1032 5171 1087 5216 ct
1117 5162 1210 5217 Dei
1256 5161 1430 5234 gratia
1463 5159 1771 5232 paciﬁcatis
1802 5158 1995 5217 Eccle-

401 5252 522 5319 θεῖε,
554 5252 638 5308 vel
659 5252 864 5324 populo
892 5253 1284 5312 miserabiliter
1305 5254 1441 5327 jugo
1461 5252 1746 5310 servitutis
1768 5251 1991 5320 amicto,

400 5353 457 5400 ct
507 5345 934 5415 importabiliutn
989 5347 1236 5404 illatione
1310 5346 1644 5402 tributorum
1701 5359 1990 5417 oppresso.

401 5438 471 5492 At
507 5436 582 5490 illi
617 5436 733 5494 haec
762 5438 992 5495 moleste
1021 5438 1284 5507 ferentes,
1319 5437 1600 5503 dicebant,
1642 5437 1771 5509 quia
1807 5437 1860 5492 in
1889 5437 1993 5494 ltuc

2112 3234 2214 3272 σαν
2250 3217 2350 3292 τὴν
2391 3217 2785 3290 περιπέτειανο
2825 3217 3274 3288 καταπλαγέντες
3306 3220 3366 3274 δὲ
3395 3219 3493 3274 καὶ
3529 3236 3711 3275 κατασ

2111 3310 2370 3380 νυγέντες
2404 3311 2504 3383 τὴν
2532 3311 2782 3383 καρδίαν,
2811 3311 3048 3384 δάκρυσί
3074 3329 3137 3366 τε
3174 3310 3533 3384 συσχεθέντες
3572 3313 3711 3381 θερ-

2113 3408 2235 3474 μοῖς
2264 3404 2358 3459 ἐπὶ
2383 3403 2462 3476 τῷ
2490 3403 2725 3477 τοιούτῳ
2750 3405 2850 3476 τῆς
2873 3405 3184 3478 διηγήσεως
3207 3404 3468 3478 θαύματι,
3493 3407 3592 3461 καὶ
3625 3406 3712 3480 τῷ

2110 3493 2402 3566 παραδόξῳ
2414 3494 2512 3565 τῆς
2533 3493 2795 3566 τοιαύτης
2823 3494 3150 3566 μεταῦολῆς,
3178 3494 3417 3568 ἔστημεν
3438 3496 3521 3561 εἰς
3537 3502 3715 3569 προσ-

2109 3587 2277 3658 ευχὴν
2331 3587 2408 3650 ὡς
2445 3586 2762 3660 ἁμαρτωλοὶ
2801 3587 2943 3658 μετά
2992 3587 3164 3658 φόϐου
3199 3588 3296 3643 καὶ
3324 3587 3566 3661 τρόμουο
3606 3589 3712 3644 καὶ

2109 3678 2185 3750 τῷ
2215 3678 2458 3734 ποιοῦντι
2491 3679 2674 3734 πάντα
2702 3681 2796 3734 καὶ
2830 3679 3300 3751 μετασκευάξοντι
3327 3680 3466 3754 πρὸς
3485 3680 3550 3736 τὸ
3578 3680 3712 3753 βέλ-

2107 3788 2222 3826 τιον
2259 3771 2706 3845 προσαγηοχότες
2737 3771 2839 3845 τὴν
2882 3772 3209 3845 πρέπουσαν
3230 3774 3459 3836 αἴνεοιν,
3485 3773 3714 3847 ᾐτησά-

2111 3863 2254 3937 μεθα
2288 3866 2387 3936 τὴν
2420 3865 2588 3920 αὐτοῦ
2631 3864 2870 3930 ἐκτενῶς
2914 3865 3226 3939 ἀγαθότητα
3253 3866 3364 3921 τῶν
3399 3867 3715 3939 ἐλαχίστων

2106 3956 2267 4029 ἡμῶν
2317 3956 2573 4026 γενέσθαι
2605 3959 2664 4014 ὲν
2709 3958 2884 4031 μέσῳ,
2937 3960 3037 4015 καὶ
3076 3959 3166 4016 διὰ
3191 3961 3512 4032 Πνεύματος
3540 3962 3710 4033 ἁγίου

2107 4046 2416 4121 ἐπιλάμψαι
2451 4048 2566 4121 φῶς
2595 4049 2852 4121 γνώσεως
2879 4051 2938 4104 ὲν
2964 4052 3087 4116 ταῖς
3114 4050 3367 4125 καρδίαις
3393 4051 3578 4123 ἡμῶν,
3608 4054 3713 4108 καὶ

2107 4140 2476 4212 κοινωφελοῦς
2498 4141 2696 4214 βουλῆς
2723 4143 3057 4216 χαρίσασθαι
3083 4140 3338 4216 δύναμιν,
3361 4146 3458 4200 καὶ
3488 4145 3711 4212 ἑννοίας

2105 4233 2318 4304 ἀγαθὰς
2351 4234 2490 4309 πρὸς
2530 4235 2838 4308 περαίωσιν
2880 4236 2981 4308 τῆς
3022 4235 3256 4310 ἀρίστης
3288 4236 3446 4310 ὑμῶν
3495 4237 3711 4309 προθέ-

2106 4343 2275 4392 σεωςι
2302 4324 2333 4380 ό
2363 4326 2430 4399 δὴ
2465 4329 2560 4383 καὶ
2591 4327 2848 4400 ἐποίησεν
2890 4326 3097 4400 ἀγαθὸς
3133 4325 3210 4384 ὢν
3253 4328 3351 4385 καὶ
3388 4328 3713 4404 φιλάνθρω-

2031 4434 2288 4531 om“

2168 4608 2495 4682 Συνείδομεν
2534 4608 2851 4681 τοιγαροῦν,
2883 4609 3184 4682 ἁγιώτατοι
3204 4653 3220 4680 ,
3255 4612 3352 4669 τοῦ
3380 4615 3584 4687 μιαροῦ
3606 4635 3706 4688 γι-

2096 4703 2400 4766 νώσκοντες
2420 4700 2610 4766 ἔθνους
2637 4701 2738 4774 τὴν
2771 4701 2849 4766 ὡς
2886 4703 3038 4774 ἡμᾶς
3078 4702 3388 4777 ἀπέχθειαν
3406 4747 3422 4771 ,
3444 4707 3708 4780 ἐπισχεῖν

2095 4793 2225 4858 τοὺς
2253 4791 2697 4860 ἀποσταλέντας,
2748 4795 2849 4848 καὶ
2896 4794 3146 4863 κωλῦσαι
3186 4799 3556 4867 προσεγγίσαι
3581 4803 3707 4862 τοῖς

2097 4887 2239 4956 πρδς
2269 4882 2365 4948 οὓς
2421 4883 2855 4959 ἀπεστάλησαν,
2887 4885 3200 4956 ἀγαγόντες
3257 4887 3461 4954 αὐτοὺς
3521 4890 3705 4960 μέσον

2095 4973 2274 5046 ἡμῶν,
2302 4972 2398 5029 καὶ
2429 4974 2861 5046 νουθετήσαντες
2891 4976 3121 5032 πλεῖστα
3151 4976 3226 5050 μὴ
3257 4978 3564 5050 ἐπαγαγεῖν
3592 4983 3702 5038 τά·

2097 5082 2285 5138 ραχον,
2321 5064 2526 5138 μᾶλλον
2579 5064 2637 5119 δὲ
2678 5067 2856 5120 είπεῖν
2905 5066 3129 5142 δλεθρον
3171 5070 3508 5144 οἰκειότερον
3555 5076 3701 5146 ἠρε-

2097 5163 2326 5233 μούεαις
2353 5162 2449 5216 καὶ
2485 5160 2624 5217 Θεοῦ
2650 5162 2840 5236 χάριτι
2867 5165 3658 5243 εἰρηνευούσαιςἘκκλησίαις
3678 5210 3697 5232 ,

2094 5255 2192 5310 καὶ
2235 5254 2352 5328 λαῷ
2410 5255 2856 5330 ταλαιπωροῦντι
2893 5258 3143 5324 δουλείας
3185 5259 3373 5332 ζυγῷ,
3410 5262 3505 5316 καὶ
3560 5261 3699 5316 δυσ-

2093 5348 2326 5404 εκτίτων
2353 5349 2540 5422 φόρων
2557 5350 2869 5424 πιεζομένῳ
2885 5352 3155 5427 ἐπαγωγῇ
3175 5371 3189 5386 ·
3207 5355 3256 5408 oi
3273 5354 3329 5409 δὲ
3345 5356 3661 5428 δυσανασχε
3672 5390 3696 5400 -

2092 5440 2314 5505 τοῦντες
2338 5440 2552 5512 ἔλεγον,
2587 5441 2667 5506 ὡς
2717 5438 2801 5509 είς
2832 5441 2994 5498 τοῦτο
3042 5444 3459 5519 ἀπεστάλημεν,
3508 5465 3698 5518 παρα-

402 5527 664 5585 destinati
717 5546 931 5592 sumus.
961 5541 1020 5587 ut
1054 5532 1341 5589 tradamus
1393 5542 1616 5588 nostras
1653 5531 1709 5586 in
1752 5540 1986 5586 mortem

2110 5532 2274 5588 ῑοῦναι
2298 5533 2399 5598 τὰς
2427 5533 2640 5589 ἑαυτῶν
2657 5532 2751 5599 Εἰς
2781 5534 3012 5590 θάνατον
3030 5536 3212 5610 ψυχὰς
3245 5538 3388 5611 ὑπὲρ
3420 5537 3525 5609 τῆς
3561 5539 3696 5595 Ἐκ-

402 5619 615 5675 animas
646 5635 743 5690 pro
773 5618 1039 5687 Ecclesia,
1070 5631 1125 5678 οι
1143 5620 1480 5692 propositum
1516 5620 1855 5677 sanctissimi
1883 5637 1981 5691 pa-

318 5744 331 5755 -
403 5711 656 5769 triarclnc
682 5727 748 5769 ac
781 5713 1162 5784 piissimornm
1188 5713 1580 5785 imperatorum
1615 5714 1984 5786 perducamus

2098 5625 2354 5695 κλησίας,
2388 5627 2486 5680 καὶ
2509 5627 2610 5700 τὴν
2650 5626 2914 5698 πρόθεσιν
2944 5629 3038 5683 τοῦ
3065 5629 3375 5699 ἀγιωτάτου
3406 5629 3695 5702 πατριάρ-

2093 5732 2192 5787 χου
2229 5718 2323 5771 καὶ
2351 5715 2460 5771 τῶν
2505 5716 2748 5772 εὐσεϐῶν
2798 5718 3068 5789 βασιλέων
3094 5721 3177 5784 είς
3216 5719 3392 5793 πέρας
3422 5722 3693 5789 ἀγαγεῖν.

481 5888 528 5921 ⁸⁸
557 5889 717 5946 l‘rov.
772 5909 830 5959 tt,
872 5893 953 5947 ll.
1033 5892 1078 5922 ⁸⁷
1102 5893 1195 5948 (ir.
1253 5893 1420 5960 addit,
1469 5913 1487 5949 ι
1523 5894 1759 5953 maxime
1794 5892 2045 5953 horribili
2083 5911 2126 5973 ιθ,
2157 5893 2303 5965 quod
2338 5892 2506 5951 etiam
2536 5893 2816 5964 epitheton
2845 5893 3041 5966 lrgitur
3083 5895 3137 5950 in
3173 5912 3275 5954 ms.
3309 5894 3560 5967 Jolvano.
