4026 6398
1558 369 1628 434 ’8.
1661 371 1968 434 TARASII
2009 362 2515 433 PATltIA'llCII/E
2555 371 2664 432 CP.
3600 371 3720 443 “‘76

475 494 598 536 nem
627 485 682 534 ct
708 476 1394 545 abolitionem,collectam.
1425 477 1536 537 Vos
1565 489 1772 546 autem,
1805 481 2036 538 sanctis-

2147 481 2394 550 αλείψει·
2424 480 2580 550 ύμεῖ;
2615 481 2691 546 δὲ,
2730 479 3063 549 ἁγιώτατοι,
3119 488 3560 557 πεπυρσευμένοι
3605 494 3718 567 θείῃ

473 572 601 628 simi
658 571 840 626 divino
891 570 1150 627 illustrati
1207 573 1328 627 zelo
1353 614 1368 640 ,
1400 583 1801 629 consentaneos
1833 588 2036 644 quoqut

2158 571 2306 644 ζήλῳ
2344 573 2721 665 ὑπάρχοντες,
2752 571 3075 646 σύμφρονὰς
3117 593 3178 629 τε
3211 578 3338 642 τοὺς
3359 578 3544 653 δικαίᾳ
3569 583 3720 660 ψήφῳ

473 661 734 716 hab'entes
760 663 1022 718 divinitus
1043 665 1454 720 conservandos
1479 665 1752 733 dominos,
1776 665 1869 735 qui
1901 665 2036 735 justi

2157 663 2294 717 Θεοῦ
2325 661 2637 733 βασιλεύειν
2685 665 2840 734 ὑμῶν
2884 665 3286 738 προκριθέντας
3333 669 3723 745 θεοφυλὰκτους

479 371 615 432 1475

469 751 691 806 decreto
722 751 818 806 Dei
845 752 898 806 in
923 753 1080 808 vobis
1111 753 1384 824 imperare
1413 755 1759 825 praeordinati
1805 763 1953 822 sunt,
1977 757 2053 811 si-

469 842 586 897 mul
613 842 779 897 etiam
831 851 886 896 et
929 858 957 895 a
988 845 1108 899 Deo
1146 845 1541 915 protegendum
1589 855 1645 902 et
1690 847 2050 903 muniendum

469 946 718 990 senatum
751 935 1044 1006 pravalete
1081 945 1136 990 et
1169 937 1401 993 viriliter
1428 938 1570 1008 agite
1589 981 1603 1006 ,
1631 946 1682 993 et
1711 937 2052 994 conlortetur

469 1042 564 1082 cor
636 1036 879 1082 vestrum
931 1028 1022 1093 ’°,
1076 1042 1296 1083 omnem
1353 1031 1776 1085 inobedientiam
1837 1040 2054 1100 aposto-

468 1118 574 1174 lice
623 1119 991 1180 ulciscentes.
1029 1127 1086 1176 et
1141 1120 1210 1175 ad
1267 1119 1492 1177 Christi
1528 1121 1890 1177 obedientiam
1951 1137 2050 1177 co-

467 1218 738 1280 aptantes.

537 1301 675 1356 Illud
724 1311 909 1358 autem
958 1311 1218 1374 tanquam
1265 1307 1639 1361 necessarium
1669 1320 1836 1376 penes
1860 1305 2048 1376 ponti-

465 1394 677 1450 ﬂcalem
720 1396 928 1465 apicem
958 1406 1200 1452 vestrum
1248 1399 1708 1453 commonendum
1753 1399 2044 1465 ducimus;

463 1486 599 1542 utsi
631 1487 972 1557 beneplacito
1004 1499 1328 1544 cunctorum
1365 1489 1506 1560 regis
1528 1531 1542 1555 ,
1569 1487 1772 1543 Christi
1798 1488 2047 1544 videlicet

469 1567 560 1634 Dei
592 1579 790 1640 nostri.
813 1587 866 1633 et
887 1593 1077 1633 eorum
1096 1579 1187 1648 qui
1211 1595 1334 1633 cum
1357 1593 1424 1632 eo
1444 1593 1672 1646 regnare
1700 1590 2052 1647 meruerunt,

466 1669 563 1725 Dei
597 1670 804 1725 scilicet
829 1669 1131 1725 amicorum
1152 1681 1205 1726 et
1225 1670 1680 1738 triumphatorum
1699 1670 2041 1726 dominorum

2155 755 2426 818 δεσπότας
2459 754 2695 824 ἔχοντες,
2727 755 2845 827 ἅμα
2869 755 2927 810 δὲ
2952 758 3047 812 καὶ
3064 758 3166 830 τὴν
3195 759 3466 834 θεοσκεπῆ
3497 763 3600 818 καὶ
3619 767 3725 822 θεο-

2153 845 2424 916 τείχιστον
2462 845 2793 916 σύγκλητον,
2855 846 3114 918 ἰσχύσατε
3150 849 3246 904 καὶ
3275 849 3610 922 ἀνδρίζεσθε,
3636 862 3724 914 καὶ

2154 936 2539 1008 κραταιούσθω
2572 939 2605 1008 ή
2636 937 2837 1010 καρδία
2871 937 3050 1010 ὑμῶν,
3072 943 3256 998 πᾶσαν
3280 946 3568 1018 παρακοήν
3600 951 3726 1005 ἀπο·

2155 1025 2423 1092 στολικῶς
2470 1029 2892 1098 διεκδικοῦντες,
2925 1033 3019 1086 καὶ
3067 1036 3148 1098 είς
3205 1034 3306 1107 τὴν
3356 1038 3452 1092 τοῦ
3496 1039 3723 1112 Χριστοῦ

2152 1119 2402 1190 ὑπακοήν
2431 1119 2896 1194 μεθαρμόζοντες.

2237 1297 2449 1350 Ἐκεῖνο
2499 1297 2556 1351 δὲ
2609 1299 3110 1374 ὑπομιμνήσκομεν
3133 1343 3149 1369 ,
3187 1307 3268 1371 ὡς
3306 1308 3604 1378 ἀναγκαῖον
3628 1313 3725 1388 τήν

2153 1389 2478 1460 ίεραρχικὴν
2510 1391 2668 1461 ὑμῶν
2706 1393 2984 1464 κορυφὴν,
3021 1394 3140 1465 εἴγε
3190 1398 3410 1472 εὐδοκία
3456 1403 3552 1456 τοῦ
3583 1422 3724 1477 παμ-

2148 1481 2416 1544 ϐασιλέως
2473 1483 2712 1552 Χριστοῦ
2762 1484 2858 1537 τοῦ
2891 1484 3026 1539 Θεοῦ
3083 1487 3262 1557 ἡμῶν,
3302 1493 3397 1544 καὶ
3437 1493 3547 1546 τῶν
3582 1497 3724 1568 αὐτῷ

2151 1573 2577 1642 συμϐασιλεύειν
2635 1573 2958 1646 άξιωμένων
3005 1577 3447 1637 θεοσεΰεστὰτων
3481 1585 3579 1638 καὶ
3609 1605 3726 1660 τρο.

2148 1665 2426 1735 παιούχων
2466 1665 2747 1720 δεσποτῶν
2773 1667 2954 1738 ήμῶν,
2979 1668 3333 1744 βουληθείητε
3358 1678 3724 1750 συγκροτῆσαι

463 1773 802 1827 nostrorum,
849 1760 1136 1816 volueritis
1181 1761 1460 1816 celebrare
1490 1761 1758 1832 synodum
1785 1781 1798 1817 :
1827 1778 1895 1816 ne
1926 1777 2036 1816 mo-

2150 1755 2389 1818 σύνοδον,
2421 1755 2497 1827 μὴ
2537 1755 2786 1830 ἐπαχθὴς
2842 1758 2971 1828 ύμῖν
3001 1761 3198 1834 φανείη
3243 1763 3354 1818 τῶν
3399 1765 3570 1836 τριῶν
3601 1770 3726 1821 ἀπε·

463 1853 600 1908 lesta
661 1852 817 1906 vobis
871 1861 1130 1920 appareat
1177 1853 1339 1908 trium
1373 1853 2034 1923 apostolicarumsedium

463 1942 731 1996 almorum
767 1941 1228 2010 patriarcharum,
1283 1950 1338 1998 et
1393 1943 1864 1998 sanctissiinorum
1919 1945 2038 2014 epi-

459 2045 777 2102 scoporum,
807 2032 902 2102 qui
935 2033 1040 2087 sub
1069 2032 1204 2102 ipsis
1232 2032 1476 2105 degunt,
1511 2033 1755 2087 absentia
1779 2072 1794 2098 ,
1833 2047 1939 2087 non
1971 2048 2037 2088 ex

459 2128 680 2198 proprio
703 2143 897 2182 eorum
942 2127 1199 2184 accidens
1249 2129 1564 2198 proposito,
1597 2129 1690 2184 sed
1732 2144 1802 2184 ex
1845 2138 2037 2183 tenen-

461 2218 599 2272 tium
636 2233 732 2272 seu
784 2217 1186 2272 dominantium
1242 2218 1352 2274 illis
1409 2219 1744 2274 terribilibus
1785 2219 1949 2274 minis
1985 2229 2040 2275 et

459 2310 757 2366 mortiferis
789 2310 990 2382 pugnis.
1019 2310 1135 2367 Hoc
1167 2321 1350 2367 autem
1375 2312 1632 2368 subtilius
1674 2321 1758 2368 est
1783 2313 2036 2368 conside-

458 2403 691 2457 randum
725 2403 890 2458 etiam
927 2403 997 2458 ab
1057 2403 1176 2474 ipsa
1225 2419 1381 2460 sacra
1444 2413 1499 2460 et
1555 2405 1849 2460 universali
1884 2414 2037 2461 sexta

456 2494 688 2565 synodo,
723 2493 778 2547 in
811 2508 918 2564 qua
941 2495 1124 2549 nullus
1157 2510 1346 2550 eorum
1391 2495 1484 2565 qui
1524 2510 1620 2566 per
1649 2497 1792 2550 idem
1825 2506 2038 2568 tempus

458 2583 514 2637 in
559 2582 644 2638 his
673 2583 923 2652 partibus
965 2583 1205 2654 episcopi
1245 2594 1422 2650 erant,
1449 2587 1766 2641 convenisse
1789 2597 2036 2655 repertus

457 2679 543 2727 est
573 2681 790 2742 propter
835 2673 1200 2728 obscenorum
1233 2673 1613 2728 obtinentiam.
1658 2674 1764 2730 Sed
1821 2677 2032 2730 nullum

454 2777 522 2816 ex
555 2763 659 2818 hoc
683 2773 888 2819 sanctae
915 2763 1145 2819 adhaesit
1170 2765 1380 2836 synodo
1421 2765 1787 2835 praeiudicium
1814 2784 1826 2821 :
1857 2783 2036 2836 neque

454 2856 600 2912 vires
623 2857 814 2912 habuit
835 2857 1135 2928 prohibitio
1161 2857 1343 2928 aliqua
1368 2860 1640 2914 statuendi
1668 2867 1723 2914 et
1747 2859 2033 2915 manifesta

455 2944 698 3001 faciendi
729 2957 877 3002 recta
905 2947 1160 3017 dogmata
1192 2948 1430 3018 pietatis,
1453 2948 1728 3018 praecipue
1751 2965 1875 3002 cum
1907 2965 2034 3004 san-

454 3039 733 3094 ctissimus
763 3047 820 3094 et
853 3039 1190 3109 apostolicus
1224 3055 1360 3109 papa
1407 3038 1690 3096 Romanus
1731 3041 2033 3096 concorda-

453 3131 618 3196 verit,
647 3140 703 3186 et
737 3131 791 3185 in
843 3145 904 3185 ea
939 3131 1196 3186 inventus
1229 3131 1304 3186 sit
1352 3145 1448 3200 per
1473 3131 1856 3200 apocrisiarios
1881 3147 2032 3188 suos.

457 3225 709 3288 Etnunc,
743 3223 1096 3286 sanctissimi,
1134 3224 1235 3278 hoc
1252 3237 1376 3277 cum
1419 3222 1625 3276 auxilio
1655 3221 1746 3276 Dei
1781 3223 2034 3279 similiter

453 3317 568 3371 ﬁat.
597 3313 734 3370 Nam
769 3316 912 3371 sicut
939 3325 1068 3370 tunc
1095 3315 1241 3370 illius
1266 3316 1399 3370 ﬁdes
1419 3316 1481 3370 in
1516 3315 1668 3371 orbis
1720 3324 1878 3372 terra:
1911 3333 2028 3388 per-

451 3407 642 3462 sonuit
677 3406 838 3474 lines,
873 3407 946 3460 ita
1001 3415 1054 3460 et
1110 3405 1301 3478 synodi
1336 3421 1455 3475 quae
1492 3421 1641 3461 nunc
1680 3422 1778 3476 per
1800 3409 2031 3478 gratiam

454 3496 550 3554 Dei
603 3498 984 3570 congreganda
1035 3507 1118 3552 est
1150 3513 1248 3568 per
1271 3498 1722 3555 interventionem
1765 3508 2032 3568 vestram,

449 3599 508 3644 et
537 3589 655 3659 ejus
683 3589 776 3660 qui
808 3589 1120 3644 moderatur
1141 3589 1508 3659 apostolorum
1537 3591 1796 3662 principis
1826 3591 2030 3656 sedem,

457 3681 841 3752 praedicabitur
880 3681 934 3735 in
983 3681 1134 3735 omni
1169 3682 1289 3736 loco
1337 3683 1431 3753 qui
1465 3684 1564 3738 sub
1593 3684 1709 3738 sole
1739 3693 1850 3750 est;
1882 3685 2032 3739 vide-

453 3772 582 3826 licet
632 3785 756 3840 quze
789 3770 1070 3841 tyranuice
1101 3771 1381 3825 destructa
1427 3781 1586 3838 sunt,
1625 3773 1863 3842 erigens,
1893 3782 1948 3828 et
1977 3773 2030 3828 in

453 3863 731 3932 antiquam
796 3870 853 3917 et
912 3861 1268 3932 apostolicam
1304 3864 1610 3920 reformans
1661 3865 2030 3922 traditionem.

452 3957 626 4012 Porro
655 3957 722 4010 ad
750 3957 1106 4011 munitionem
1142 3957 1428 4010 humilium
1473 3956 1781 4012 litterarum
1817 3967 2056 4014 nostra—-

451 4065 600 4114 rum,
650 4047 1191 4118 satisfactionemque
1237 4049 1592 4104 beatitudinis
1641 4051 2034 4106 dominationis

452 4150 666 4206 vestrae,
688 4149 853 4210 atque
889 4141 1152 4195 victorum
1209 4149 1262 4195 et
1311 4141 2034 4210 triumphalorumimpera-

454 4244 636 4291 torum
696 4245 1033 4298 nostrorum,
1087 4233 1471 4304 conspeximus
1543 4235 1704 4290 etiam
1753 4235 2034 4305 exemplar

454 4326 854 4398 Synodicorum
879 4325 1150 4381 Theodori
1179 4336 1380 4382 sanctae
1414 4327 1692 4381 memoria:
1720 4324 1902 4381 Patris
1931 4342 2033 4380 no-

451 4416 553 4468 stri
602 4423 656 4468 et
696 4415 1022 4483 patriarcha:
1073 4415 1573 4486 Hierosolymorum
1631 4416 2028 4484 subjiciendum

2147 1847 2411 1901 στολικῶν
2441 1846 2650 1919 Θρόνιον
2705 1848 2816 1903 τῶν
2861 1851 3182 1919 ἁγιωτάτων
3224 1857 3602 1930 πατριαρχῶν,
3636 1863 3724 1914 καὶ

2143 1939 2254 1992 τῶν
2291 1939 2384 1994 ὑπ’
2408 1939 2609 2002 αὐτοὺς
2654 1943 2968 1997 ὁσιωτάτων
2998 1946 3319 2000 ἐπισκόπων
3354 1949 3386 2019 ή
3419 1950 3720 2023 ἀπόλειψις.

2145 2032 2222 2084 Οὐ
2249 2032 2358 2103 γὰρ
2397 2031 2457 2096 ἐξ
2506 2032 2716 2096 οἰκείας
2765 2034 2946 2088 αὐτῶν
3001 2037 3063 2090 τὸ
3093 2037 3348 2106 ἐμποδὼν
3390 2040 3722 2112 προθέσεως,

2144 2121 2277 2178 ἀλλὰ
2309 2123 2410 2194 τῆς
2443 2125 2553 2180 τῶν
2587 2125 2936 2198 κρατούντων
2987 2129 3083 2182 καὶ
3130 2131 3502 2202 κυριευόντων
3552 2134 3726 2189 αὐτῶν

2146 2216 2601 2286 φρικωδεστάτης
2627 2218 3047 2288 ὲπαπειλήσεως
3077 2221 3172 2274 καὶ
3201 2221 3585 2296 θανατηφόρου
3612 2226 3726 2281 ὲπι·

2143 2309 2442 2378 τιμήσεως.
2484 2309 2657 2363 Τοῦτο
2681 2310 2738 2363 δὲ
2779 2310 2928 2364 ἔστιν
2959 2312 3356 2386 ἀκριϐέστερον
3383 2317 3621 2371 συνιδεῖν
3637 2319 3724 2372 καὶ

2143 2398 2252 2452 ἀπὸ
2286 2399 2386 2470 τῆς
2413 2401 2577 2469 ἁγίας
2610 2403 2707 2455 καὶ
2759 2401 3152 2473 οἰκουμενικῆς
3191 2402 3362 2476 ἕκτης
3401 2406 3646 2470 συνόδου,
3671 2411 3726 2463 ἐν

2207 2489 2384 2553 οὐδεὶς
2416 2490 2525 2544 τῶν
2549 2491 2688 2544 κατα
2712 2490 2806 2544 τὸν
2833 2491 3027 2562 καιρὸν
3043 2492 3251 2548 ἐκεῖνον
3275 2495 3334 2548 ὲν
3357 2495 3578 2560 τούτοις
3606 2498 3726 2551 ἐπι-

2145 2581 2494 2636 σκοπούντων
2558 2587 2672 2647 τοῖς
2705 2575 2898 2658 μέρεσι
2925 2583 3220 2656 συναχθεὶς
3244 2585 3481 2658 εὕρηται
3518 2587 3608 2642 διὰ
3631 2591 3726 2661 τὴν

2142 2672 2251 2724 τῶν
2306 2671 2520 2745 μιαρῶν
2573 2674 2956 2744 ἐπικράτειαν.
3002 2674 3144 2728 Ἀλλ’
3174 2676 3296 2730 οὐδὲ
3343 2681 3408 2731 ἐκ
3437 2678 3635 2734 τούτου
3661 2684 3724 2754 τῇ

2141 2765 2272 2834 ἁγίᾳ
2329 2765 2532 2836 συνόδῳ
2591 2765 2876 2838 πρόκριμα
2926 2768 3262 2839 συνεπλάκη,
3322 2770 3432 2824 οὐδ’
3465 2767 3535 2826 αὖ
3587 2789 3724 2842 παρ·

2139 2853 2440 2924 ωμάρτησε
2468 2853 2706 2916 κώλυσίς
2739 2870 2824 2930 τις
2864 2857 3255 2928 συστήσασθαι,
3304 2861 3400 2912 καὶ
3442 2861 3726 2932 κατάδηλα

2141 2944 2274 2994 πᾶσι
2330 2946 2555 3014 ποιῆσαι
2595 2943 2668 2996 τὰ
2695 2945 2833 3015 ὀρθά
2860 2944 2962 3016 τῆς
2988 2946 3270 3010 εὐσεϐείας
3296 2948 3586 3019 δόγματαδ
3619 2951 3723 3022 μά·

2139 3031 2297 3084 λιστα
2323 3032 2418 3084 τοῦ
2441 3033 2748 3101 ἁγιωτάτου
2785 3035 2881 3087 καὶ
2918 3037 3282 3091 ἀποστολικοῦ
3313 3039 3476 3093 πάπα
3507 3040 3726 3112 Ῥώμης

2140 3127 2610 3196 συμφωνήσαντος
2635 3127 2772 3198 αὐτῇ
2815 3127 2910 3180 καὶ
2939 3129 3364 3200 συνευρεθὲντος
3400 3131 3497 3184 διὰ
3521 3133 3630 3186 τῶν
3657 3135 3726 3186 oi-

2138 3217 2303 3271 κείων
2336 3219 2792 3291 ἀποκρισιαρίων.
2821 3221 2930 3274 Καὶ
2960 3221 3184 3292 ἀρτίως,
3221 3222 3553 3292 ἁγιώτατοι,
3573 3226 3727 3280 τοῦτο

2133 3310 2344 3378 γένοιτο
2376 3311 2472 3364 σὺν
2499 3311 2639 3382 Θεῷ.
2675 3312 2786 3365 Καὶ
2823 3311 2881 3364 δν
2919 3311 3122 3384 τρόπον
3154 3314 3469 3384 τηνικαῦτα
3511 3317 3726 3387 ἐκείνης

2135 3403 2168 3474 ὴ
2199 3403 2384 3468 πίστις
2413 3406 2494 3468 είς
2532 3404 2602 3458 τὰ
2628 3405 2728 3476 τῆς
2767 3404 3100 3477 οἰκουμένης
3157 3405 3429 3479 ἐξήχηται
3489 3409 3725 3483 πέρατα,

2132 3494 2274 3548 οὕτω
2298 3497 2393 3549 καὶ
2429 3495 2526 3566 τῆς
2553 3495 2672 3549 νυνὶ
2705 3496 3212 3568 άθροισθησομὲνης
3247 3499 3500 3570 Χριστοῦ
3529 3503 3722 3574 χάριτι

2137 3587 2354 3640 συνόδου
2383 3587 2474 3640 διὰ
2508 3588 2788 3658 μεσιτείας
2810 3587 2966 3658 ὑμῶν
2997 3588 3093 3642 καὶ
3117 3587 3214 3642 τοῦ
3246 3591 3340 3644 τὸν
3360 3593 3730 3648 άποστολικὸν

2135 3676 2325 3747 θρόνον
2357 3677 2453 3730 τοῦ
2507 3677 2810 3748 κορυφαίου
2867 3679 3183 3746 διέποντος,
3217 3683 3642 3756 κηρυχθήσεται
3675 3687 3730 3738 ὲν

2133 3766 2232 3837 ὃλῃ
2264 3768 2330 3838 τῇ
2363 3766 2452 3835 ὑφ’
2483 3766 2621 3838 ήλίῳ
2641 3781 2655 3797 ·
2687 3765 2887 3837 δηλαδὴ
2918 3767 2988 3820 τὰ
3017 3768 3366 3840 τυραννικῶς
3413 3787 3731 3841 καταστρα-

2135 3858 2306 3926 φέντα
2331 3857 2671 3930 άνορθούσης
2702 3899 2718 3924 ,
2748 3861 2844 3910 καὶ
2871 3859 2953 3921 είς
2993 3858 3055 3912 τὸ
3083 3862 3312 3930 ἀρχαῖον
3333 3861 3732 3915 άποκαθιστώ-

2136 3969 2234 4022 σης
2261 3951 2404 4006 κατὰ
2434 3951 2535 4022 τὴν
2559 3949 2928 4020 ἁποστολικὴν
2959 3951 3283 4022 παράδοσιν.
3315 3952 3474 4025 Πρὸς
3517 3954 3578 4008 δὲ
3605 3953 3731 4026 ὀχύ-

2138 4061 2304 4116 ρωσιν
2331 4043 2440 4096 τῶν
2477 4043 2713 4114 μετρίων
2745 4041 2907 4112 ήμῶν
2939 4046 3308 4115 γραμμάτων,
3341 4047 3734 4118 πληροφορίαν

2133 4154 2190 4190 τε
2215 4138 2314 4206 τῆς
2342 4135 2613 4206 ὑμετέρας
2661 4133 2988 4204 δεσποτικῆς
3032 4136 3464 4208 μακαριότητος,
3498 4139 3599 4193 ml.
3626 4138 3735 4192 τῶν

2133 4227 2371 4300 νικητῶν
2404 4228 2500 4282 καὶ
2535 4225 2920 4297 τροπαιούχων
2971 4228 3131 4298 ήμῶν
3165 4228 3467 4298 βασιλέων,
3499 4231 3735 4284 συνείδοο

2137 4337 2238 4392 μεν
2291 4320 2390 4372 καὶ
2449 4318 2512 4371 τὸ
2567 4319 2688 4372 ἴσον
2742 4319 2842 4388 τῆς
2893 4318 3182 4388 συνοδικῆς
3228 4310 3524 4392 Θεοδώρου
3551 4322 3646 4376 τοῦ
3678 4324 3734 4377 ὲν

2134 4413 2314 4480 ἁγίοις
2342 4409 2558 4480 Πατρὺς
2609 4408 2766 4479 ήμῶν
2795 4409 2889 4462 καὶ
2935 4409 3282 4482 πατριάρχου
3329 4413 3736 4486 Ἱεροσολύμων

453 4505 542 4561 his
574 4521 695 4574 quae
725 4507 930 4576 scripta
963 4514 1094 4561 sunt
1121 4523 1150 4560 a
1181 4507 1360 4562 nobis.
1394 4505 1548 4563 Hunc
1569 4518 1750 4564 autem
1782 4509 2026 4564 libellum

2139 4504 2402 4568 ὑποτάξαι
2424 4505 2537 4567 τοῖς
2572 4503 2665 4571 ὑφ’
2695 4501 2854 4572 ήμῶν
2877 4505 3159 4572 γραφεῖσι,
3199 4505 3411 4561 Τοῦτον
3436 4507 3499 4561 δὲ
3530 4509 3628 4561 τὸν
3655 4507 3736 4560 λίο

449 4601 754 4654 secundnm
789 4599 1008 4654 solitum
1041 4597 1298 4654 Ecclesia:
1329 4600 1514 4666 ritum,
1539 4601 1679 4654 idem
1704 4609 1908 4655 sanctae
1939 4617 2026 4656 re-

447 4691 786 4746 cordationis
815 4692 1036 4760 scripsit
1070 4691 1245 4747 beatis
1276 4699 1330 4770 e_t
1373 4692 1501 4746 almi
1535 4692 1757 4747 termini
1797 4693 2028 4748 sanctis-

449 4783 605 4838 simis
657 4783 1010 4854 patriarchis,
1047 4784 1258 4839 Cosmze
1317 4783 1526 4839 scilicet
1570 4783 1936 4848 Alexandriae,
1967 4797 2031 4838 ac

450 4873 744 4931 Theodoro
798 4875 1103 4930 Antiochia:
1144 4874 1520 4944 TheOpoleos;
1544 4877 1634 4946 qui
1671 4885 1725 4930 et
1751 4876 2030 4944 reciproca

449 4964 723 5037 Synodica
782 4981 974 5021 eorum
1003 5005 1019 5030 ,
1055 4965 1180 5020 dum
1235 4965 1414 5020 adhuc
1465 4965 1718 5028 viveret,“
1755 4967 2028 5034 recepisse

451 5058 811 5128 dignoscitur.
864 5057 1170 5112 Incolumes
1249 5072 1346 5112 vos
1422 5071 1520 5123 pro
1589 5057 1745 5112 nobis
1811 5065 2028 5110 orantes

451 5149 718 5205 Dominus
769 5157 1073 5215 conservet,
1107 5149 1513 5206 sanctissimiet
1536 5149 1799 5205 divinitus
1855 5149 2027 5202 hono-

449 5252 575 5292 ra't.

545 5407 619 5471 ’"1
650 5419 776 5476 Cor.
823 5403 931 5486 im,
972 5421 1052 5476 ιδ.

2124 4597 2310 4652 ϐελλον
2331 4596 2473 4649 κατὰ
2500 4595 2589 4648 τὸν
2611 4594 2816 4664 συνήθη
2839 4593 3042 4666 θεσμὸν
3075 4595 3173 4666 τῆς
3204 4597 3551 4670 Ἐκκλησίας
3577 4599 3610 4650 ὁ
3636 4599 3736 4652 αύ-

2125 4690 2218 4752 τὸς
2243 4691 2306 4742 ὲν
2341 4688 2474 4757 ἁγίᾳ
2500 4690 2566 4757 τῇ
2593 4685 2743 4757 λήξει
2773 4687 3102 4758 γεγράφηκε
3133 4689 3247 4752 τοῖς
3296 4690 3608 4762 μακαρίοις
3645 4691 3736 4744 καὶ

2129 4781 2186 4832 ἐν
2211 4779 2334 4849 ὁσία
2357 4779 2424 4847 τῇ
2465 4776 2619 4848 λήξει
2675 4777 3004 4842 ἁγιωτάτοις
3066 4775 3469 4847 πατριάρχαις,
3502 4777 3731 4846 Κοσμᾷ,

2131 4869 2312 4941 φαμὲν
2341 4909 2356 4933 ,
2381 4867 2460 4938 τῷ
2503 4867 2938 4939 Ἀλεξανδρείας,
2968 4868 3063 4922 καὶ
3096 4866 3361 4938 Θεοδώρῳ
3405 4869 3490 4939 τῷ
3534 4869 3740 4922 Ἀντιο-

2134 4963 2288 5034 χείας
2345 4963 2715 5024 Θεουπόλεως,
2746 4961 2806 5024 ὃς
2859 4962 2956 5015 καὶ
2998 4961 3065 5016 τὰ
3107 4961 3512 5016 ἁντισυνοδικὰ
3555 4959 3739 5014 αὐτῶν

2135 5057 2214 5108 ἔτι
2235 5055 2344 5119 ζῶν
2365 5055 2618 5122 sessum
2631 5053 3010 5124 Ἐρῤωμένους
3040 5054 3186 5124 ὑμᾶς
3213 5054 3308 5107 καὶ
3327 5056 3473 5126 ἡμῖν
3492 5052 3731 5126 εὐχομέ-

2136 5164 2261 5209 νους
2309 5148 2338 5200 ὁ
2395 5146 2602 5219 Κύριος
2633 5145 3035 5216 διαφυλάξειεν,
3076 5143 3374 5216 ἁγιώτατοι
3425 5147 3530 5201 καὶ
3559 5142 3738 5200 θεοτίο

2138 5257 2323 5311 μήτοι.
