4026 6404
301 374 330 439 ’ἶ
345 367 440 436 ἷῗἺ

1051 522 1138 555 η.

318 575 616 642 Ἀδελφοῖς
651 576 749 628 καὶ
773 577 1266 646 συλλειζοινργτιῖς
1297 577 1445 632 πᾶσι
1479 578 1600 642 τοῖς
1629 578 1886 632 ὁσιωτάο

371 661 500 710 τοις
520 645 881 716 ἐπισκόποις
945 645 1057 711 τῆς
1102 645 1503 716 φιλογρίστου
1554 647 1882 712 Σικελῶν,

380 714 670 781 Ταράσιος
692 715 842 780 ἐλέῳ
868 716 1018 769 Θεοῦ
1049 714 1385 784 ἐπίσκοπος
1399 723 1884 772 litora-raruma-

373 787 610 851 πόλεως
643 785 788 850 νέας
837 785 1088 856 Ῥώμης.

373 878 575 940 Οίτοῖς
623 877 788 944 θείοις
849 878 1032 948 σοφῶς
1085 881 1496 951 ἐμμελετῶντες
1560 882 1760 952 λόγοις,
1793 881 1890 937 καὶ⁸

305 968 695 1040 ὲρευνητικῶς,
729 968 825 1024 καὶ
849 971 910 1022 ού
945 971 1348 1040 παροδευτικῶς
1397 974 1454 1026 ἐν
1491 973 1675 1038 αὐτοῖς
1727 973 1891 1031 ἐγκύ-

310 1062 664 1127 πτοντες,καὶ
691 1061 784 1115 τ’δν
814 1061 939 1117 νοῦν
967 1063 1146 1117 αὐτῶν
1181 1067 1246 1136 τῇ
1267 1066 1518 1138 εὐσεϐείᾳ
1547 1070 1641 1122 καὶ
1662 1071 1728 1140 τῇ
1759 1069 1893 1140 ἀλη-

307 1153 428 1226 θείᾳ
461 1154 913 1228 προσπηγνύντες
940 1195 956 1222 ,
997 1157 1324 1226 φωτίζονται
1386 1177 1504 1224 πως
1563 1162 1892 1233 θαυμαστῶς

305 1245 412 1299 ἀπὸ
444 1246 616 1318 ὀρέων
645 1247 972 1314 αίωνίων,ἐξ
1002 1249 1378 1306 ἀποστολικῶν
1410 1253 1767 1323 προφητικῶν
1799 1271 1886 1318 τε,

309 1336 475 1407 φημὶ,
505 1337 600 1392 καὶ
630 1339 916 1406 πατρικῶν
944 1339 1312 1410 διδαγμάτων,
1348 1343 1444 1396 καὶ⁹
1477 1347 1542 1415 τῇ
1577 1345 1740 1420 αἴγλῃ
1763 1346 1896 1415 τηλ-

307 1431 597 1501 αυγήσεως
667 1431 1011 1503 προορῶνται
1046 1433 1138 1486 τὸν
1200 1434 1391 1506 κύριον
1446 1437 1678 1490 ἐνώπιον
1728 1437 1895 1491 αὑτοῦ

306 1522 621 1586 διαπαντὸς,
651 1523 745 1576 καὶ
770 1523 858 1576 διά
886 1525 986 1594 τῆς
1007 1526 1317 1597 πρακτικῆς
1339 1527 1541 1597 ἀρετῆς
1564 1529 1700 1599 πρὸς
1753 1529 1890 1582 θεω-

308 1613 432 1688 ρίαν
461 1613 752 1682 ἀνάγονται
776 1631 788 1644 ·
822 1612 944 1669 εἶτά
971 1633 1031 1668 τε
1063 1617 1156 1670 καὶ
1207 1617 1308 1689 τὴν
1353 1619 1694 1689 δογματικὴν
1757 1619 1899 1674 διδα-

310 1705 549 1760 σκαλίαν
585 1707 813 1770 ταύταις
844 1708 1268 1778 ἀναμιγνύντες,
1299 1713 1439 1778 σφᾶς
1466 1727 1524 1763 τε
1559 1712 1755 1774 αὐτοὺς
1803 1711 1900 1765 καὶ

307 1799 436 1860 τοὺς
465 1797 660 1860 ἄλλους
695 1798 832 1869 πρὸς
880 1801 980 1868 τὴν
1019 1800 1281 1871 ἀλήθειαν
1335 1802 1773 1870 ἐκπαιδεύοντες,
1838 1804 1898 1856 τὸ
1931 1840 1974 1896 Β

306 1885 442 1958 ἦθος
474 1890 568 1942 τοῦ
607 1890 722 1960 βίον
759 1889 1110 1962 ῥυθμίζουσι,
1146 1893 1372 1948 καὶτῶν
1397 1896 1602 1965 γηΐνων
1631 1896 1899 1966 ὑπερανα-

305 1981 630 2051 6ε6ηκὸτες,
663 1983 735 2036 τὰ
755 1983 868 2035 ἄνω
912 1985 1194 2056 φρονοῦσι,
1255 1987 1350 2040 καὶ
1382 1985 1574 2058 ὥσπερ
1605 1987 1668 2041 τὺ
1697 1987 1898 2057 διαφαο

309 2071 401 2137 νὲς
435 2074 579 2146 ὓδωρ
610 2075 953 2145 ὲκμάσσεται
983 2075 1092 2130 τῶν
1117 2078 1438 2148 εἰσρεόντων
1471 2079 1570 2143 τὰς
1594 2079 1744 2148 ὄψεις
1806 2079 1902 2132 καὶ

309 2164 478 2218 αὑτοῦ
503 2166 597 2220 τοῦ
633 2167 786 2238 ἡλίου
817 2169 908 2223 τὸν
943 2169 1140 2223 κύκλον
1183 2170 1275 2224 καὶ
1304 2169 1414 2224 τῶν
1443 2171 1692 2240 οὐρανῶν
1715 2173 1782 2226 τὰ
1803 2172 1901 2226 κύ-

308 2276 400 2330 τη,
443 2258 587 2314 οὕτω
619 2262 716 2315 καὶ
744 2263 899 2316 αὐτοὶ
928 2264 1047 2328 νόες
1073 2263 1329 2336 καθαροὶ,
1361 2263 1444 2318 νοῒ
1474 2264 1696 2336 καθαρῷ
1735 2281 1903 2336 προσ-

311 2350 662 2422 μιγνύμενοι,
697 2347 813 2407 οἷόν
834 2372 887 2408 τι
915 2356 1212 2426 ἐκμαγεῖον
1243 2357 1337 2408 καὶ
1367 2358 1676 2427 κάτοπτρον
1725 2357 1904 2425 γίνον-

306 2459 402 2498 ται
426 2444 526 2515 τῆς
557 2445 706 2511 θείας
737 2445 1004 2517 δόξης,ὡς
1027 2449 1057 2502 ὁ
1087 2447 1286 2518 Κύριος
1313 2448 1416 2521 ἔφη
1441 2465 1456 2478 ·
1497 2467 1515 2500 ι
1541 2449 1819 2520 Μακάριοι
1852 2450 1902 2504 οἱ

307 2537 546 2608 καθαροὶ
564 2540 631 2609 τῇ
657 2539 877 2610 καρδίᾳ,
907 2540 990 2593 ὅτι
1020 2539 1177 2593 αὐτοὶ
1208 2540 1299 2594 τὸν
1325 2541 1456 2594 Θεὸν
1483 2540 1702 2610 ὄψονται
1722 2559 1766 2593 ἰ
1806 2543 1902 2596 καὶ

306 2629 482 2696 ἀξίως
509 2627 665 2681 θῦται
691 2632 787 2682 καὶ
817 2631 983 2701 ἱερεῖς
1025 2631 1120 2683 καλ⁵
1185 2631 1524 2703 μυστηπὸλοι
1583 2631 1902 2700 ἐκλέγονται

306 2720 410 2776 τοῦ
430 2720 559 2774 λαοῦ
599 2721 1088 2792 προκαθεζόμενοι,
1118 2723 1200 2775 ὅτι
1239 2723 1332 2776 καὶ
1368 2724 1500 2795 περ)¹
1530 2723 1716 2778 αὐτῶν
1750 2725 1905 2795 εἴρη-

305 2829 406 2867 ται
431 2831 445 2841 ·
475 2831 494 2865 ι
533 2811 712 2869 Ὅπου
743 2813 848 2866 eiei
865 2813 1002 2886 δύοῆ
1029 2817 1175 2886 τρεῖς
1196 2817 1527 2887 συνηγμένοι
1555 2817 1649 2869 ἐπὶ
1679 2813 1756 2886 τῷ
1784 2815 1903 2868 ὀνό-

311 2905 446 2974 ματί
475 2923 601 2975 μου,
644 2907 760 2959 ἐκεῖ
799 2907 914 2977 είμι
977 2908 1035 2960 ὲν
1072 2907 1224 2978 μέσῳ
1262 2908 1460 2962 αὐτῶν.
1490 2927 1510 2961 ι
1548 2910 1774 2979 Ἀνδρες
1812 2904 1905 2960 οὖν

308 2994 625 3066 ἐπιθυμιῶν
655 2997 762 3048 τῶν
803 2997 898 3050 τοῦ
945 2997 1278 3068 πνεύματος,
1339 2998 1616 3068 ἀκούομεν
1677 2999 1761 3051 ὅτι
1812 2996 1904 3050 τὸν

308 3088 604 3142 κανονικὸν
631 3087 832 3158 θεσμὸν
879 3089 1242 3156 φυλάττοντες
1299 3089 1718 3162 συναθροίζεσθε
1779 3090 1902 3142 καθ’

1735 368 2141 440 ΕΡΙΒΤΟΙυἘ.

3440 369 3568 440 ἲυίῗὲ

2769 460 2833 515 Ἠ
2933 479 2960 500 ο

1995 571 2276 626 Fratribus
2328 583 2375 626 et
2428 573 2804 629 comministris
2863 573 3105 628 omnibus
3136 576 3486 630 sanctissimis
3525 585 3577 630 et

2062 643 2260 714 Christi
2293 645 2596 698 ornantibus
2625 646 2883 714 episwpis
2917 643 3218 698 Siculorum
3244 686 3258 708 ,
3321 644 3578 700 Turasins

2061 713 2158 837 ﬁci
2192 715 2533 855 misﬁatione
2567 713 2838 784 episcopus
2869 715 3397 784 Constantinopoleos
3435 734 3580 772 novre

2113 791 2289 854 οηιιε(
2359 823 2374 839 .

2113 801 2244 838 ama:
2273 791 2374 854 (1).

2062 875 2168 941 Qui
2191 876 2374 932 divina
2404 877 2680 948 sapientei-
2707 879 3040 934 meditantur
3069 880 3315 946 oracula,
3338 880 3576 934 curiose-

1990 983 2100 1038 que
2132 969 2259 1034 illa;
2300 983 2435 1044 “non.
2465 969 2875 1040 perfunctorie,
2906 973 3279 1038 considerant,
3311 987 3584 1042 suamque

1993 1069 2234 1116 mentem
2263 1061 2319 1116 in
2370 1063 2572 1132 pietate
2611 1077 2676 1117 ac
2705 1067 2936 1118 veritate
2963 1063 3226 1134 deﬁgunt,
3283 1063 3323 1118 ii
3387 1063 3586 1118 illumi-

1995 1163 2197 1207 nantur
2222 1155 2547 1210 mirabiliter
2587 1171 2650 1208 ex
2687 1155 2968 1210 montibus
3003 1156 3243 1221 aeternis,
3270 1171 3333 1211 ex
3367 1165 3585 1226 aposto-

1997 1245 2126 1306 lico,
2153 1244 2398 1314 inquam,
2435 1254 2489 1301 et
2515 1247 2836 1316 prophetico
2883 1247 3217 1317 Patrumque
3245 1247 3583 1317 magisterio.

1998 1350 2063 1388 ac
2090 1337 2383 1405 splendore
2418 1339 2702 1391 radiorum
2734 1337 2856 1408 ejus
2887 1337 3181 1392 Dominum
3204 1353 3390 1393 coram
3417 1338 3541 1392 vclu
3572 1338 3585 1392 i

1999 1441 2214 1496 semper
2239 1436 2527 1496 spectant,
2570 1437 2624 1482 et
2657 1443 2754 1496 per
2800 1429 3034 1482 activam
3067 1429 3320 1484 virtutem
3357 1429 3423 1484 ad
3455 1445 3588 1484 con-

2002 1520 2415 1590 templationem
2470 1520 2840 1576 deducuntur.
2877 1510 3082 1577 Deinde
3108 1522 3192 1578 his
3226 1523 3586 1594 dogmaticam

1999 1627 2218 1681 quoque
2251 1612 2620 1668 admiscentes
2674 1613 2980 1668 doctrinam
3045 1615 3372 1684 semctipsos
3427 1625 3593 1686 atquc

2001 1706 2138 1778 alios
2168 1705 2234 1760 ad
2259 1707 2540 1760 veritatem
2564 1706 2845 1771 erudiunt,
2870 1706 2993 1760 vita:
3025 1723 3205 1762 mores
3230 1721 3592 1778 Componunt,

2001 1809 2056 1852 et
2087 1815 2252 1869 supra
2285 1815 2371 1855 res
2401 1809 2650 1854 terrenas
2685 1799 2836 1864 elati,
2873 1800 3122 1854 cmlestia
3151 1811 3428 1871 quaerunt,
3480 1817 3595 1858 ca:-

2002 1891 2162 1946 lcstia
2187 1890 2406 1960 sapiunt
2434 1908 2447 1944 :
2479 1906 2544 1946 ac
2568 1891 2736 1945 veluti
2761 1906 2900 1960 aqua
2934 1891 3159 1960 limpida
3188 1902 3383 1962 purgat
3406 1892 3595 1946 lavan-

2002 1982 2138 2037 tium
2167 1983 2380 2046 oculos,
2416 1991 2470 2037 et
2510 1983 2686 2052 ipsius
2719 1983 2852 2038 solis
2898 1981 3172 2053 sphaaram
3221 1993 3275 2037 et
3326 1984 3596 2041 caelorum

2002 2091 2262 2140 concava,
2307 2075 2388 2131 sic
2423 2084 2478 2130 et
2504 2075 2623 2130 ista:
2653 2091 2804 2146 purae
2823 2085 3054 2140 mentes,
3079 2091 3232 2146 purae
3253 2077 3420 2132 menti
3449 2095 3596 2134 com.

2003 2167 2200 2231 mistaz,
2241 2179 2564 2234 expressum
2606 2165 2776 2219 veluti
2808 2165 3170 2220 simulacrum
3203 2167 3598 2238 speculumque

2005 2259 2141 2313 ﬁunt
2163 2259 2349 2330 gloriae
2374 2257 2596 2323 divinas,
2628 2266 2688 2313 ut
2723 2258 2800 2311 ait
2825 2257 3124 2315 Dominus:
3157 2273 3178 2310 ι
3210 2258 3358 2314 Beati
3392 2261 3600 2314 mundo

2003 2350 2206 2413 corde,
2247 2350 2508 2418 quoniam
2530 2349 2635 2418 ipsi
2676 2348 2849 2403 Deum
2878 2348 3188 2409 videbunt:
3233 2372 3250 2406 ι
3293 2350 3600 2421 meritoque

2005 2441 2300 2496 sacriﬁculi
2329 2451 2384 2496 et
2409 2441 2724 2496 sacerdotes
2756 2448 2811 2496 et
2848 2447 3041 2510 mysta:
3071 2439 3138 2494 ad
3173 2441 3353 2510 populi
3388 2455 3600 2511 praesu-

2005 2533 2172 2586 latum
2195 2531 2493 2600 eliguntur.
2527 2532 2653 2601 quia
2676 2531 2743 2586 de
2775 2531 2860 2586 his
2886 2531 3091 2586 dictum
3111 2530 3216 2585 fuit
3241 2549 3254 2584 :
3282 2551 3300 2583 ι
3341 2529 3438 2586 Ubi
3471 2541 3602 2588 sunt

2005 2623 2113 2677 duo
2145 2623 2228 2676 vel
2257 2631 2366 2677 tres
2394 2621 2603 2676 collecti
2638 2622 2693 2676 in
2725 2621 2946 2675 nomine
2977 2636 3121 2686 meo,
3157 2621 3230 2676 ibi
3255 2638 3376 2677 sum
3407 2623 3458 2676 in
3486 2639 3602 2679 me-

2006 2712 2096 2767 dio
2131 2727 2321 2765 eorum
2351 2711 2423 2763 ⁹¹.
2459 2730 2476 2762 ι
2504 2711 2548 2765 0
2580 2711 2681 2764 viri
2714 2711 2897 2779 itaque
2924 2709 3322 2764 desideriorum
3352 2709 3600 2779 spiritus,

2006 2803 2320 2860 audivimus
2361 2819 2460 2858 vos
2509 2803 2788 2858 canonica:
2830 2803 2931 2872 legi
2969 2803 3338 2874 obsequentes
3368 2819 3602 2874 congre-

2007 2897 2126 2967 gari
2157 2898 2337 2952 solere
2366 2897 2600 2968 singulis
2633 2896 2794 2950 anuis
2843 2896 2916 2950 ob
2963 2897 3376 2966 diiudicandum
3413 2897 3480 2952 de
3505 2912 3603 2952 oc-

2008 2990 2359 3048 currentibus
2386 2991 2438 3043 iu
2474 2990 2728 3045 universa
2751 2999 2933 3044 vestra
2957 2989 3238 3059 provincia
3271 2989 3604 3045 ecclesiasti-

2007 3083 2088 3138 cis
2120 3083 2388 3152 negotiis;
2433 3091 2490 3138 et
2522 3082 2668 3152 quod
2695 3083 2944 3152 apprime
2964 3083 3274 3146 Dominum
3309 3083 3602 3152 invocatis,

308 3177 548 3234 ἕκαστον
570 3181 762 3253 χρόνον
787 3181 878 3234 ἐπὶ
904 3181 965 3234 τὸ
989 3181 1286 3254 διακρίνειν
1317 3184 1385 3236 τὰ
1411 3184 1904 3254 παρατυγχάνοντα

2013 3184 2072 3232 ut
2095 3173 2336 3245 Spiritus
2381 3173 2613 3244 gratiam
2645 3171 2699 3228 in
2729 3189 2827 3230 vos
2863 3171 3188 3241 immittens,
3226 3173 3318 3230 det
3357 3183 3602 3230 vestrum

307 3271 748 3342 ἐκκλησιαστικά
777 3272 1050 3343 κεφάλαια
1075 3274 1168 3326 ἐπὶ
1196 3275 1346 3346 πάσῃ
1369 3278 1434 3346 τῇ
1455 3275 1696 3347 ἐπαρχίᾳ
1729 3276 1906 3346 ὑμῶν,

308 3361 412 3414 καὶ
441 3364 660 3425 πάντως
689 3361 1035 3416 ἐπικαλεῖσθε
1067 3363 1157 3416 τὸν
1190 3364 1416 3436 Κύριον,
1485 3365 1572 3418 ἵνα
1609 3365 1706 3438 τὴν
1749 3367 1910 3438 χάριν

306 3453 410 3508 τοῦ
438 3453 760 3524 Πνεύματος
815 3455 1198 3526 καταπέμπων
1231 3456 1382 3526 ὑμῖν,
1407 3455 1480 3529 δῷ
1511 3457 1728 3528 ἑκάστῳ
1755 3459 1910 3529 ὑμῶν

308 3544 473 3614 λόγον
513 3545 801 3609 συνέσεως.
834 3545 992 3614 λόγον
1025 3547 1176 3611 θείας
1213 3547 1436 3619 βουλῆς,
1470 3549 1630 3618 λόγον
1659 3550 1910 3621 φυλακῆς

309 3635 557 3691 ἐντολῶν
593 3638 753 3704 Θεοῦ,
786 3639 947 3708 λόγον
972 3641 1259 3712 τηρήσεως
1309 3641 1612 3696 κανονικῶν
1650 3643 1912 3714 διδαγμά-

307 3745 428 3782 των
474 3731 596 3793 ταῖς
639 3719 936 3802 κοσμικαῖς
988 3731 1234 3802 φροντίσι
1291 3734 1414 3797 ταῖς
1465 3735 1911 3806 ἐναντιουμέναις

306 3823 430 3886 τοῖς
453 3823 843 3894 προστάγμασι
875 3823 968 3877 τοῦ
998 3823 1134 3878 Θεοῦ
1163 3825 1377 3899 χαίρειν
1406 3825 1680 3895 λέγοντες,
1742 3845 1912 3882 πνευ-

311 3911 570 3982 ματικῶς
602 3915 953 3985 πνευματικά
985 3915 1334 3988 συγκρίνετε,
1393 3915 1468 3988 μὴ
1513 3917 1910 3990 προκρίναντες

308 4007 384 4060 τὰ
421 4005 748 4076 ἀνθρώπινα,
773 4007 882 4063 τῶν
914 4009 1302 4080 πνευματικῶν
1329 4023 1342 4037 ·
1375 4008 1535 4063 τοῦτο
1558 4010 1667 4080 γὰρ
1699 4010 1912 4082 ἀνθρωο

316 4099 484 4169 πίνης
513 4099 734 4170 χάριτος
761 4099 944 4172 ἔργον,
972 4101 1034 4154 οὐ
1079 4101 1180 4172 τῆς
1209 4101 1302 4154 τοῦ
1352 4101 1671 4173 Πνεύματος
1693 4092 1714 4133 ·’
1759 4103 1810 4156 τί
1854 4103 1912 4156 δέ

307 4195 424 4248 εἰσι
466 4193 533 4246 τὰ
571 4193 921 4263 πνευματικά
947 4211 963 4260 ;
989 4193 1353 4262 εύαγγελικαὶ
1389 4195 1723 4264 ἀποφάσεις,
1769 4197 1910 4248 ἀπο-

309 4285 572 4340 στολικαλ⁷
599 4284 878 4352 διαταγαὶ,
917 4286 986 4339 τὰ
1027 4285 1138 4338 τῶν
1202 4285 1362 4340 θείων
1422 4287 1662 4340 κανόνων
1721 4285 1912 4341 διατά-

307 4392 510 4448 γματα
527 4392 542 4408 ο
571 4376 728 4440 ἐκτὸς
755 4374 864 4447 γάρ
891 4374 1116 4444 τούτων,
1142 4377 1322 4448 κρίσις
1350 4375 1779 4448 ἐκκλησιαστικὴ
1812 4355 1920 4430 λοιέ
1944 4370 1992 4428 D

305 4467 508 4539 δορίας
538 4467 692 4521 οὐδὲν
722 4467 836 4538 ἔχει
860 4466 1046 4520 πλέον.

390 4558 486 4610 Διὸ
515 4560 608 4611 καὶ
638 4559 672 4629 ή
702 4556 833 4627 ἁγία
891 4556 1132 4620 σύνοδος,
1173 4559 1206 4624 ὴ
1253 4556 1396 4610 κατά
1439 4555 1576 4610 Θεοῦ
1626 4555 1788 4628 χάριν
1818 4558 1913 4611 καὶ

307 4650 581 4706 εὐδοκίαν
610 4647 1063 4721 συναθροισθεῖσα
1111 4648 1170 4698 ἐν
1200 4647 1409 4718 Νικαίᾳ
1432 4648 1492 4711 ἐν
1540 4649 1652 4709 τοῖς
1699 4647 1914 4718 χρόνοις

309 4741 506 4816 ἡμῶν,
533 4743 614 4804 είς
642 4741 711 4811 ἢν
744 4741 838 4792 καὶ
865 4739 916 4792 oi
970 4737 1194 4800 πλείους
1224 4737 1380 4806 ὑμῶν
1434 4737 1714 4808 εύρέθητε,
1776 4737 1916 4809 μετά

304 4839 378 4892 τὸ
431 4835 614 4907 ὁρίσαι
674 4833 996 4906 κρατεῖσθαι
1053 4831 1152 4904 τὴν
1187 4830 1424 4902 ἀρχαίαν
1481 4830 1786 4901 παράδοσιν
1817 4831 1914 4901 τῆς

305 4929 486 4998 ἁγίας
522 4926 617 4981 τοῦ
645 4926 781 4980 Θεοῦ
830 4925 1129 4995 καθολικῆς
1173 4921 1524 4993 Ἐκκλησίας,
1551 4921 1914 4992 ἀποδέχεσθαι

305 5023 420 5084 τὰς
449 5021 654 5084 σεπτάς
680 5021 772 5074 καὶ
804 5019 966 5089 ἁγίας
997 5019 1234 5082 εἰκόνας,
1253 5017 1349 5070 καὶ
1381 5014 1692 5086 ἀναθέματι
1733 5031 1914 5086 παρα-

309 5115 621 5186 πέμπουσα
635 5113 764 5177 τοὺς
784 5113 1134 5184 αἱρεσιώτας,
1156 5110 1252 5174 οὓς
1271 5108 1915 5182 Χριστιανοκατηγόρους

308 5209 417 5262 καὶ
449 5207 880 5270 Εἰκονοκλάστας
909 5208 942 5278 ἠ
967 5204 1195 5276 ἀλήθεια
1233 5202 1880 5273 ὠνόμασεν,ἀπεφήνατο
1901 5219 1913 5232 ·

311 5299 424 5353 καὶ
450 5299 609 5352 αὐτοὶ
642 5297 942 5352 ἐπίστασθε
972 5298 1149 5352 πάντα
1172 5299 1240 5350 τὰ
1273 5295 1533 5350 κανονικὰ
1571 5294 1918 5363 διατάγματα

308 5389 748 5464 ἀπαρατρὼτως
807 5391 1198 5462 ἀναμφιϐόλως
1243 5387 1614 5459 φυλάττεσθαι.
1654 5389 1749 5442 καὶ
1778 5405 1918 5459 κρα-

304 5483 538 5538 τεῖσθαι
568 5483 820 5554 ἀμείωτα
846 5483 1004 5554 παρὰ.
1029 5482 1250 5537 πάντων
1278 5480 1437 5553 ὑμῶν
1477 5479 1670 5552 ἱερέων
1700 5480 1797 5533 καὶ
1830 5498 1920 5552 μοι

384 5598 436 5630 ⁸·
481 5597 674 5656 Matth.
705 5614 862 5663 xvm,
885 5597 974 5654 20.

391 5711 476 5780 (1)
507 5712 642 5766 V‘idc
670 5711 815 5767 dicta
840 5713 1082 5766 breviter
1107 5727 1136 5766 a
1166 5709 1324 5766 nobis
1357 5710 1411 5764 in
1448 5717 1606 5781 parte
1635 5709 1820 5764 Crzeca
1856 5722 1908 5781 p.

309 5784 456 5838 165.
489 5781 718 5852 Insuper
750 5785 1056 5837 deTarasio
1085 5780 1458 5852 Nicephorum
1487 5791 1626 5852 part.
1659 5784 1755 5852 lat.
1779 5796 1828 5848 p.
1857 5780 1910 5844 5,

310 5853 844 5925 cujuslaudabilcm
871 5865 1050 5909 actum
1092 5853 1164 5906 ibi
1195 5851 1554 5908 memoratum
1597 5851 1784 5920 inique
1825 5865 1912 5904 re-

2013 3268 2311 3338 unicnique
2333 3267 2641 3322 doctrinam
2682 3266 3075 3338 intelligentiae,
3116 3267 3424 3322 doctrinam
3461 3266 3605 3322 divi-

2013 3375 2098 3414 na:
2134 3360 2475 3426 voluntatis,
2535 3359 2844 3414 doctrinam
2902 3359 3166 3416 custodite
3216 3360 3602 3417 u'iandatorum

2016 3449 2134 3517 Dei,
2173 3451 2479 3506 doctrinam
2504 3451 2872 3508 observantiae
2893 3467 3167 3507 canonum
3201 3470 3217 3506 :
3247 3461 3302 3508 ct
3332 3456 3481 3523 quod
3511 3453 3607 3509 de-

2015 3541 2183 3612 nique
2220 3542 2514 3597 mundanis
2545 3543 2694 3598 curis
2718 3583 2735 3610 ,
2767 3558 2892 3614 quaa
2926 3541 3128 3600 divinis
3180 3545 3469 3614 praeceptis
3503 3545 3604 3600 ad-

2013 3645 2330 3698 versantur,
2365 3634 2487 3690 vale
2510 3634 2778 3700 dicentes,
2806 3635 3128 3705 spiritaliter
3151 3637 3417 3706 spiritalia
3453 3641 3607 3710 judi-

2015 3727 2153 3781 catis
2176 3767 2191 3790 ,
2246 3726 2487 3781 humana
2541 3727 2884 3796 spiritalibus
2918 3742 3027 3782 non
3071 3737 3470 3799 anteponentes
3504 3749 3517 3786 :
3551 3730 3605 3786 id

2014 3817 2160 3871 enim
2192 3817 2446 3874 humanae
2475 3819 2666 3890 gratiae
2699 3817 2937 3874 cilicium
2975 3828 3081 3886 est,
3117 3837 3224 3875 nou
3259 3821 3406 3876 illius
3437 3839 3604 3894 quam

2014 3909 2254 3982 Spiritus
2278 3911 2392 3966 dat.
2434 3911 2696 3978 Quaenam
2726 3923 2906 3967 autem
2937 3921 3067 3968 sunt
3099 3913 3408 3982 spiritalia?
3440 3931 3608 3970 evan-

2015 4002 2186 4074 gelica
2228 4019 2420 4074 nempe
2450 4013 2718 4074 praecepta
2741 4045 2757 4071 ,
2791 4004 3105 4075 apostolicae
3157 4008 3608 4074 constitutiones,

2016 4111 2302 4150 sacrorum
2339 4112 2614 4152 canonum
2655 4098 3053 4154 ordinationes.
3091 4099 3313 4169 Absque
3341 4099 3426 4154 his
3459 4101 3610 4156 enim

2016 4189 2452 4245 ecclesiasticum
2501 4189 2770 4261 judicium
2835 4205 2864 4243 a
2905 4190 3178 4247 maledicti
3238 4203 3436 4247 natura
3495 4211 3612 4249 non

2018 4280 2218 4347 diﬂ‘ert,

2089 4550 2432 4622 Quapropter
2462 4559 2650 4607 sancta
2681 4553 2845 4608 etiam
2875 4552 3144 4626 synodus,
3183 4553 3278 4609 Dei
3325 4553 3496 4626 gratia
3544 4571 3613 4610 ac

2015 4643 2360 4712 beneplacito
2381 4641 2576 4700 Nicma:
2604 4655 2790 4701 nostra
2811 4655 2970 4700 :etate
3000 4653 3351 4715 congregata,
3375 4646 3462 4700 cui
3494 4647 3607 4716 ple;
3649 4705 3655 4714 ,

2017 4736 2176 4804 rique
2210 4735 2374 4791 etiam
2407 4746 2650 4793 vestrum
2683 4730 3027 4803 interfuistis,
3051 4747 3338 4808 postquam
3361 4738 3612 4794 deﬁnivit

2017 4831 2452 4884 conservandam
2482 4847 2604 4885 esse
2637 4842 2874 4884 veterem
2933 4842 3138 4887 sanctae
3176 4831 3271 4886 Dei
3322 4832 3614 4887 catholicas

2017 4923 2278 4980 Ecclesia:
2312 4923 2683 4986 traditionem.
2734 4924 2802 4979 dc
2847 4923 3252 4980 venerabilibus
3294 4928 3615 4996 sanctisque

2017 5015 2354 5088 imaginibus
2401 5017 2772 5089 recipiendis,
2841 5019 3176 5074 anathemati
3235 5019 3615 5084 subjiciendos

2018 5125 2142 5165 esse
2170 5111 2486 5174 hmreticos,
2511 5127 2651 5182 quos
2684 5111 3298 5182 Clu-istiauocategoras
3327 5111 3614 5182 (Christia-

2020 5219 2215 5258 norum
2254 5210 2643 5276 accusatores)
2699 5215 2754 5260 et
2799 5205 3169 5262 lconoclastas
3219 5221 3383 5261 verus
3428 5220 3612 5261 sermo

2022 5297 2290 5362 nominat,
2325 5297 2585 5353 decrevit.
2643 5298 2859 5354 Cuncta
2895 5306 3076 5353 autem
3107 5299 3408 5354 constituta
3435 5297 3613 5353 invio-

2023 5388 2261 5444 labiliter
2291 5399 2342 5444 et
2373 5390 2527 5444 ﬁrme
2556 5391 2818 5446 custodiri
2852 5391 3046 5451 nostis.
3079 5391 3452 5463 integramque
3471 5391 3612 5462 apud

2023 5497 2125 5536 nos
2154 5498 2350 5538 omnes
2401 5485 2717 5540 sacerdotes
2772 5501 2838 5540 ac
2883 5485 3194 5542 monachos
3239 5495 3404 5555 atque
3444 5485 3613 5541 laicos

2023 5709 2310 5776 prehendit
2353 5722 2545 5766 auctor
2581 5713 2845 5766 librorum
2879 5711 3260 5766 Carolinorum
3291 5709 3383 5762 lib.
3423 5723 3482 5762 Ill
3507 5749 3520 5772 ,
3553 5708 3609 5762 εὶ.

2024 5779 2300 5904 ῗιοὺοίιοιη
2349 5796 2530 5836 tamen
2564 5783 2744 5853 aliqua
2787 5783 3124 5838 obscuritate
3168 5782 3252 5836 vel
3302 5781 3612 5849 corruptela

2041 5865 2138 5904 nec
2194 5862 2490 5904 razmenla.

2041 5865 2138 5906 nec
2171 5862 2490 5916 Iragmenla.
