4026 6410
356 394 495 463 H79

1467 393 1530 452 s.
1564 382 1873 467 IABASII
1898 375 2403 452 PA’l‘lilARClLiE‘
2474 376 2582 449 tr.

3500 386 3639 454 1480

356 506 469 563 vim
502 504 724 561 illorum
759 488 1101 570 consert'rari,
1157 502 1624 574 quemadmodum
1660 504 1950 575 perspicue
1980 510 2013 566 Α

2054 502 2236 574 ναχῶν
2267 502 2366 557 καὶ
2395 500 2620 566 λαῖκῶν,
2655 501 2731 566 ὡς
2763 497 2975 570 τρανῶς
3000 499 3421 572 διαγορεύουσιν
3450 502 3510 555 αἱ
3541 519 3640 574 ση-

354 597 560 652 docent
590 592 979 665 synodicorum
1016 591 1140 662 ejus
1169 591 1435 647 librorum
1463 591 1770 661 scripturas.
1801 590 1952 646 Cun-

356 695 444 742 cta
478 685 627 740 enim
658 700 721 740 es
755 683 1000 738 fontibus
1031 682 1249 739 lsraelis
1282 679 1479 739 hausta
1499 681 1676 746 fuere,
1701 681 1952 752 nihilque

358 785 556 839 praeter
583 777 686 830 bos
711 773 1077 844 proclamavit
1121 783 1215 828 aut
1238 773 1465 828 omisit:
1493 786 1732 844 namque
1754 770 1952 844 synodi

358 868 524 938 hujus
554 865 810 922 doctrina
855 881 1037 936 neque
1074 865 1475 921 incrementum
1532 865 1741 936 patitur
1773 878 1952 934 neque

357 958 754 1015 detrimentum
791 975 805 1013 :
836 957 1105 1029 scriptum
1134 964 1220 1013 est
1251 957 1422 1023 enim,
1465 971 1533 1012 ne
1560 956 1692 1027 quid
1723 957 1775 1012 ei
1813 956 1954 1026 adji-

357 1052 556 1116 ciatur,
594 1057 692 1105 aut
740 1047 1049 1104 auferatur.
1080 1049 1345 1119 Equidem
1379 1058 1441 1103 ut
1472 1048 1527 1102 in
1559 1062 1752 1119 regum
1784 1047 1952 1103 etiam

360 1142 625 1209 nummis,
653 1139 699 1197 si
731 1141 862 1211 quid
885 1139 955 1197 de
977 1148 1105 1212 typo
1127 1139 1577 1204 circumcidatur,
1606 1147 1756 1196 totus
1783 1155 1952 1194 num-

359 1248 484 1290 mus
517 1231 727 1288 inutilis
753 1221 1023 1300 cllicitur;
1060 1233 1134 1287 ita
1156 1232 1320 1287 etiam
1343 1232 1391 1288 si
1410 1231 1536 1302 quis
1551 1232 1636 1287 vel
1663 1231 1948 1305 minimum

361 1328 428 1380 de
454 1324 629 1380 sacris
661 1323 968 1379 canonibus
999 1324 1282 1379 subvertet
1306 1364 1320 1387 ,
1362 1324 1441 1379 rei
1496 1323 1769 1379 universae
1828 1338 1953 1378 ror-

361 1416 631 1486 rnptelam
677 1414 864 1472 infert.
914 1416 1009 1470 Sic
1052 1414 1315 1470 nimirum
1373 1416 1467 1486 qui
1514 1414 1951 1470 additamentum

360 1507 558 1562 divinae
586 1506 884 1577 Scriptura:
912 1516 1009 1562 aut
1045 1506 1220 1563 sacris
1252 1507 1560 1563 canonibus
1595 1515 1693 1563 aut
1728 1506 1968 1562 Patrum

361 1599 686 1670 magisterio
719 1599 1048 1663 moliuntur,
1081 1600 1369 1654 veritatem
1392 1599 1747 1668 exstinguere
1767 1597 1956 1666 explo-

363 1699 545 1746 ratum
577 1698 698 1759 est;
735 1700 785 1746 et
817 1690 1064 1760 ipsorum
1085 1689 1283 1762 lingua:
1302 1689 1545 1747 sonitum
1574 1688 1716 1746 falsa
1746 1689 1955 1762 locutio

364 1781 741 1853 subsequitur.
781 1779 926 1851 Ergo
958 1760 1287 1836 mementote
1324 1779 1424 1837 Dei
1484 1781 1726 1838 dicentis
1760 1799 1776 1838 :
1814 1760 1952 1836 C'ttm

2057 593 2312 665 μειώσεις
2332 593 2442 649 τῶν
2479 592 2774 648 συναδικῶν
2807 592 2982 664 αὐτῆς
3010 592 3209 664 βίϐλων
3233 609 3249 625 ο
3281 593 3424 648 κατὰ
3455 595 3637 650 πάντα

2051 685 2162 758 γὰρ
2201 686 2267 739 ὲκ
2295 683 2406 739 τῶν
2438 684 2634 756 πηγῶν
2657 681 2754 739 τοῦ
2796 681 3016 756 Ἰσραὴλ
3041 681 3307 754 ἠρύσατο,
3345 684 3442 738 καὶ
3483 684 3640 738 οὐδὲν

2052 774 2367 848 περαιτέρω
2396 773 2606 829 τούτων
2644 772 3038 846 ἐκπεφώνηκεν
3074 770 3202 827 οὔτε
3248 772 3506 828 ἀνέλιπεν
3528 788 3544 807 ο
3573 773 3643 828 τὰ

2051 868 2165 938 γὰρ
2193 865 2400 920 τούτων
2425 864 2737 937 διδάγματα
2773 863 2900 919 οὔτε
2934 864 3256 938 προσθήκην
3284 864 3411 920 οὔτε
3451 854 3646 936 ὕφεσιν

2051 959 2363 1031 ἐπιδέχεται
2386 974 2402 991 ⁸
2429 959 2742 1031 γέγραπται
2797 959 2932 1032 γὰρ,
2967 956 3089 1013 Ἐπ’
3135 959 3318 1023 αὐτοῖς
3369 959 3472 1013 οὐκ
3528 957 3648 1012 ἐστὶ

2054 1052 2402 1124 προσθεῖναι,
2452 1052 2550 1109 καὶ
2589 1051 2688 1106 ἀπ’
2711 1051 2894 1106 αὐτῶν
2938 1052 3040 1106 οὐκ
3074 1052 3224 1106 εστιν
3260 1052 3482 1121 ἀφιιεῖν
3506 1065 3521 1080 ⁶
3549 1050 3648 1106 καὶ

2052 1145 2167 1217 γὰρ
2201 1147 2261 1199 ὲν
2294 1146 2410 1210 τοῖς
2448 1143 2716 1216 βασιλέων
2745 1143 3049 1216 νομίσμασι
3107 1142 3304 1214 μικρόν
3332 1159 3386 1196 τι
3417 1141 3514 1196 τοῦ
3542 1158 3648 1214 χα-

2058 1234 2339 1305 ρακτῆρός
2366 1251 2454 1299 τις
2492 1233 2821 1306 περικόψας,
2864 1235 2987 1290 ὅλον
3026 1233 3089 1288 τὸ
3117 1232 3366 1305 νόμισμα
3395 1231 3651 1303 κίϐδηλον

2055 1330 2388 1398 εἰργάσατοο
2415 1327 2592 1393 οὕτως
2618 1328 2716 1383 καὶ
2746 1329 2776 1380 6
2797 1327 2860 1383 τὸ
2887 1327 3172 1399 ἰλάχιστον
3203 1326 3316 1381 τῶν
3362 1326 3526 1380 θείων
3555 1345 3652 1382 κα-

2054 1420 2222 1474 νόνων
2248 1419 2594 1492 ἀνατρέπων,
2643 1419 2725 1492 τῷ
2771 1422 2938 1475 παντὶ
2985 1420 3312 1492 λυμαίνεται
3338 1437 3352 1452 ·
3384 1419 3559 1486 οὕτως
3593 1421 3648 1475 ct

2054 1507 2377 1580 προσθήκην
2434 1509 2781 1581 ἐννοούμενοι
2819 1509 2879 1562 ἐν
2904 1526 2963 1562 τε
2989 1511 3056 1581 τῇ
3088 1507 3209 1580 θείᾳ
3234 1507 3450 1580 Γραφῇ,
3474 1506 3509 1580 ἢ
3534 1510 3662 1572 tot;-

2056 1595 2224 1662 θείοις
2266 1598 2516 1665 κανόσιν,
2559 1597 2593 1671 ἢ
2643 1601 2758 1664 τοῖς
2814 1598 3112 1670 Πατρικοῖς
3155 1596 3652 1669 παραγγέλμασιν,

2055 1686 2405 1759 εὑρίσκονται
2423 1689 2944 1762 παραχαράττοντες
2962 1690 3064 1761 τὴν
3087 1672 3376 1761 ἀλήθειαν·
3396 1686 3492 1742 καὶ
3509 1688 3654 1759 μετὰ

2056 1778 2153 1833 τοῦ
2169 1779 2346 1849 ψόφου
2361 1781 2460 1852 τῆς
2479 1777 2728 1852 γλώττης
2748 1780 2952 1845 αὐτῶν,
2973 1778 3400 1848 συναγωνίζεται
3423 1778 3456 1848 ἡ
3484 1775 3656 1848 ψευδο

365 1875 552 1930 omnia
583 1882 729 1929 recte
772 1870 974 1929 feceris
999 1908 1017 1940 ,
1076 1873 1401 1930 salvaberis.
1449 1872 1671 1944 Vosque
1711 1873 1851 1930 adeo
1891 1873 1947 1930 in
1983 1854 2013 1911 Ε

2055 1871 2285 1943 ηγορία·
2345 1874 2638 1946 τοιγαροῦν
2697 1873 2978 1947 μνήσθητε
3027 1871 3124 1927 τοῦ
3179 1869 3317 1926 Θεοῦ
3379 1870 3654 1940 λέγοντος,

366 1975 550 2022 vestra
577 1959 668 2020 Dei
704 1975 842 2020 nutu
870 1974 1205 2037 congregata
1234 1965 1470 2038 synodo,
1507 1964 1737 2021 veritate
1766 1964 1952 2021 adita:-

2059 1963 2192 2017 ’Ὁτε
2217 1962 2398 2019 πάντα
2429 1964 2819 2038 κατορθώσεις,
2848 1965 2976 2020 τότε
3007 1965 3235 2038 σωθήσῃ
3257 1979 3274 1995 ο
3301 1963 3456 2017 αὐτοὶ
3494 1961 3552 2016 ὲν
3584 1962 3655 2033 τῇ

366 2065 572 2123 rentes,
602 2057 828 2113 dilatate
854 2072 918 2113 os
942 2057 1262 2128 Spirituque
1292 2057 1586 2128 complete,
1618 2072 1684 2113 ex
1706 2055 1956 2128 Evange-

2061 2055 2152 2111 διὰ
2181 2056 2276 2110 τὸν
2327 2057 2537 2128 Κύριον
2585 2055 3054 2130 συναθροιζομένῃ
3089 2056 3295 2129 συνόδῳ
3346 2055 3524 2127 ὑμῶν,
3553 2051 3659 2125 τὴν

366 2148 425 2203 lii
458 2163 676 2215 norma,
694 2163 762 2204 es
781 2149 1158 2220 apostolorum
1177 2156 1233 2206 et
1251 2164 1531 2206 canonum
1548 2160 1712 2222 atque
1733 2148 1956 2204 Patrum

2063 2148 2328 2221 ἀλήθειαν
2355 2150 2752 2223 ἐπισπώμενοι,
2781 2150 3006 2206 πάντων
3048 2149 3159 2204 τῶν
3211 2147 3659 2221 προσταγμάτων

366 2240 648 2296 decernite
685 2249 793 2298 etc.

2063 2241 2164 2314 τὶιν
2190 2240 2440 2314 φυλακὴν
2461 2242 2868 2316 διατηροῦντες,
2896 2243 3204 2299 πλατύνατε
3239 2242 3302 2296 τὸ
3341 2241 3537 2313 στόμα,
3560 2239 3662 2293 καὶ

369 2332 690 2405 Πνεύματος
719 2320 1074 2404 πληρώσατε,
1105 2335 1479 2406 εὐαηελικῶς
1493 2353 1552 2390 τε
1581 2333 1678 2389 καὶ
1693 2330 2090 2401 ἀπστολικῶς,
2111 2336 2412 2401 κανονικῶς
2433 2353 2496 2391 τε
2527 2337 2625 2390 καὶ
2648 2337 2938 2411 Πατρικῶς
2950 2336 3404 2408 ἀποφαινόμενοι,
3424 2351 3479 2389 κ.
3515 2352 3570 2390 τ.
3603 2333 3656 2388 λ·

443 2426 750 2498 Sequuntur
774 2428 833 2484 in
857 2427 1066 2484 Tarasii
1090 2427 1314 2499 epistola
1351 2427 1620 2484 nonnulla:
1642 2425 2017 2482 ecclesiastica:
2042 2428 2259 2499 regulae,
2299 2445 2393 2485 seu
2420 2445 2648 2485 canones
2676 2438 2727 2486 et
2754 2436 3044 2500 prwcepta,
3074 2442 3194 2501 qua
3224 2426 3521 2483 describere
3552 2436 3664 2481 non

367 2518 526 2590 hujus
547 2530 626 2576 est
657 2520 783 2577 loci.
1732 2516 1743 2527 ’

375 2645 3589 2677 me

1179 2786 1603 2850 MONITUM
1635 2784 1736 2847 IN
1789 2783 2345 2872 SEQUENTEM
2380 2783 2846 2847 HOMILIAM.

443 3020 741 3076 liomiliam
775 3021 831 3076 lu
876 3018 1349 3077 Prwsentationem
1376 3012 1620 3088 Deiparte
1658 3015 1745 3071 cui
1778 3014 1970 3071 titulus
2007 3032 2013 3069 :

2058 3010 2154 3078 Et;
2181 3011 2250 3066 τὰ
2280 3013 2488 3066 εἰσιῦδια
2525 3013 2624 3083 τῆς
2658 3010 2963 3085 ὑπεραγίας
2987 3011 3274 3079 Θεοτὸκου,
3293 3019 3349 3068 et
3371 3009 3530 3081 cujus
3555 2997 3672 3065 inic

374 3115 510 3173 tium
541 3132 556 3170 :
585 3115 793 3186 Φαιδρὰ
828 3113 925 3169 καὶ
973 3110 1276 3185 παρῊιδοξος
1304 3112 1337 3184 ή
1365 3108 1618 3182 παροῦσα
1661 3110 1996 3180 πανήγυρις,

2054 3109 2262 3164 Farasio
2289 3106 2902 3178 Constantinopolitano
2935 3105 3265 3176 patriarcha;
3292 3104 3533 3161 tribuere
3573 3115 3669 3190 sui

371 3209 508 3276 leut,
536 3222 606 3262 ne
638 3207 868 3262 minimo
897 3206 1118 3277 quidem
1155 3204 1355 3274 injecto
1389 3203 1581 3266 dubio,
1608 3201 1854 3258 historia:
1895 3202 2184 3259 litterariae
2222 3200 2546 3271 scriptores,
2574 3197 2683 3256 lide
2724 3200 2832 3256 m's.
2876 3198 3136 3272 Bibliotb.
3158 3192 3407 3254 'Coislin.
3452 3193 3671 3253 CCXII.

377 3299 718 3373 [Mos-reme.
746 3294 1008 3354 Biblioth.
1043 3296 1429 3355 Bibliothecar.
1461 3310 1519 3366 p.
1553 3292 1708 3366 505.]
1737 3293 2050 3351 Marcelline
2080 3310 2212 3352 vero
2244 3294 2299 3348 in
2336 3293 2455 3349 suis
2479 3293 2546 3348 ad
2580 3290 2966 3347 Kalendarium
2994 3288 3254 3347 Ecclesia:
3269 3281 3672 3348 Constantino-

380 3394 639 3463 polilanac
669 3391 1089 3447 commentariis
1113 3388 1368 3463 affirmat,
1393 3388 1536 3447 forte
1570 3389 1997 3457 subdubitando,
2025 3387 2344 3445 Orationem
2368 3385 2581 3443 Tarasii
2608 3385 2918 3442 habendam
2953 3400 3062 3441 non
3083 3384 3279 3451 videri,
3305 3392 3361 3440 et
3389 3384 3673 3454 duplicem

378 3502 494 3542 suae
525 3487 811 3543 sententiae
843 3485 1110 3542 rationem
1142 3485 1318 3550 affert,
1355 3499 1551 3555 nempe
1582 3499 1775 3542 vocem
1808 3484 2083 3556 ὑπεραγία
2123 3483 2248 3556 qua:
2282 3483 2335 3538 in
2378 3483 2540 3538 titulo
2584 3480 2861 3552 reperitur
2888 3495 2920 3536 a
2966 3478 3168 3536 saeculo
3207 3487 3418 3534 tantum
3447 3478 3674 3534 decimo

381 3579 639 3650 usurpari
685 3579 940 3650 coepisse,
971 3587 1028 3633 et
1054 3576 1301 3648 Deiparte
1330 3579 1388 3633 in
1418 3576 1672 3648 templum
1697 3579 2046 3649 ingredientis
2080 3577 2471 3633 sotcnmitatem
2505 3583 2748 3644 tempore
2772 3570 2987 3630 Tarasii
3026 3573 3271 3629 nondum
3308 3573 3364 3628 in
3394 3570 3678 3628 Constans-

383 3671 743 3740 tiuopolitana
770 3671 1014 3728 Ecclesia
1038 3670 1305 3729 celebrari
1334 3671 1709 3738 consuevisse,
1739 3678 1799 3727 ut
1825 3679 2046 3729 constat
2076 3686 2144 3728 ex
2175 3669 2396 3726 silentio
2416 3666 2737 3724 Kalendarii
2770 3667 2919 3738 quod
2947 3667 3259 3724 eet-tissime
3291 3665 3361 3721 ad
3398 3666 3673 3722 saeculum

380 3773 640 3821 octavum
681 3763 939 3834 pertinet.

456 3855 744 3912 Levissimi
776 3856 1043 3913 momenti
1083 3871 1208 3914 esse
1245 3854 1615 3914 diliicultatem
1651 3872 1775 3928 quae
1803 3873 1870 3914 ex
1898 3871 2037 3914 voce
2069 3855 2350 3931 ὑπεραγια
2395 3854 2452 3911 ἰιι
2485 3851 2645 3910 titulo
2673 3853 2933 3921 sumitur,
2970 3866 3136 3910 nemo
3168 3869 3276 3911 non
3305 3856 3472 3913 videt.
3498 3855 3673 3913 Aliud

383 3950 532 4004 cnim
575 3949 644 4005 de
674 3950 1032 4006 sermonibus
1069 3949 1226 4022 ipsis,
1257 3950 1407 4006 aliud
1449 3951 1518 4006 de
1547 3966 1863 4008 sermonum
1893 3950 2352 4022 inscriptionibus
2387 3947 2658 4020 judicium
2702 3946 2989 4004 ferendum
3020 3949 3145 4019 quis
3182 3948 3498 4006 inficiatur?
3523 3948 3671 4005 Cum

383 4058 616 4114 prorsus
649 4045 920 4101 incertum
965 4046 1038 4102 sit
1064 4047 1420 4116 quandonam
1456 4046 1559 4118 ipsi
1588 4044 1862 4103 sermonis
1889 4045 2130 4113 auctori,
2162 4044 2384 4118 quando
2415 4043 2574 4100 alteri
2611 4041 2723 4098 sint
2765 4041 3090 4098 tribuenda).
3127 4039 3260 4098 Esto
3295 4043 3440 4113 quod
3475 4043 3676 4101 titulus

386 4150 496 4190 non
533 4135 628 4190 alii
659 4151 824 4206 quam
859 4136 964 4207 ipsi
1000 4137 1273 4192 orationis
1303 4138 1516 4193 auctori
1545 4137 1715 4194 tribui
1742 4147 2015 4209 oporteat,
2042 4150 2226 4208 neque
2243 4134 2444 4192 exinde
2465 4142 2617 4191 certo
2645 4132 2903 4189 concludi
2936 4140 3118 4204 potest
3150 4130 3435 4189 bomiliam
3463 4135 3675 4204 praefa»

389 4235 502 4281 tum
537 4240 644 4283 non
671 4243 792 4284 esse
827 4227 885 4284 S.
918 4226 1152 4286 Tarasii.
1185 4230 1313 4286 Haec
1339 4228 1485 4283 enim
1519 4243 1625 4285 vox
1655 4228 1932 4302 ὑπεραγεα
1956 4229 2228 4301 reperitur
2258 4229 2312 4284 in
2338 4224 2794 4298 inscriptionibus
2819 4226 3171 4283 homiliarum
3196 4240 3320 4296 quae
3344 4227 3671 4283 auctoribus

386 4316 625 4375 Tarasio
659 4321 863 4377 cozevis
908 4323 993 4377 rel
1040 4322 1454 4393 antiquioribus
1485 4323 1804 4378 tribuuntur
1836 4321 1935 4394 (l).
1965 4320 2112 4396 Ergo
2158 4321 2278 4393 pari
2307 4320 2432 4392 jure
2463 4316 2549 4395 vel
2595 4319 3040 4376 istae‘orationes
3080 4317 3400 4376 auctoribus
3431 4333 3676 4389 quorum

389 4408 614 4464 nomina
639 4408 1107 4469 circumferuntur
1149 4410 1529 4479 abjudicandze
1567 4419 1716 4479 sunt,
1755 4413 1842 4468 vel
1882 4426 2047 4468 usum
2075 4410 2230 4468 vocis
2258 4410 2539 4482 ὑπεραγια
2567 4408 2768 4468 saeculo
2795 4408 3011 4466 decimo
3039 4408 3396 4470 vetustiorem
3423 4426 3549 4468 esse
3573 4416 3680 4468 ad-

399 4499 731 4555 mittendum
772 4502 918 4572 quod
951 4501 1174 4558 aliunde
1221 4511 1444 4558 constat
1490 4516 1555 4558 ex
1579 4502 1804 4574 Iosephi
1832 4502 2243 4575 Hymnograpbi
2267 4517 2480 4560 canone
2519 4503 2576 4558 in
2605 4517 2717 4574 quo
2758 4502 2994 4576 legimus
3021 4516 3038 4563 :
3061 4502 3495 4572 Osanctissima,
3533 4506 3679 4561 tabis

388 4591 560 4644 omnis
587 4606 799 4660 expers,
825 4592 1141 4662 ὑπεραγιιι,
1182 4591 1508 4664 πανάμωμε
1533 4593 1634 4665 (‘2),
1665 4604 1719 4651 et
1745 4609 1811 4652 es
1839 4588 2067 4650 Triodio
2098 4592 2158 4650 S.
2186 4594 2486 4666 SopbrOnii
2523 4593 3008 4668 Hierosolymitani
3038 4598 3138 4672 (5).
3175 4596 3291 4656 Nec
3327 4598 3505 4671 pluris
3532 4600 3684 4657 valet

388 4693 772 4755 argumentum
803 4698 868 4740 ex
899 4682 1494 4756 Constantiuopolitani
1522 4684 1841 4742 Kalendarii
1871 4685 2093 4742 silentio
2126 4688 2196 4744 de
2224 4684 2365 4744 festo
2405 4676 2858 4744 Prwsentationis
2890 4689 3162 4761 Deiparte,
3206 4706 3335 4747 cum
3378 4694 3500 4762 ipso
3529 4690 3681 4745 Mar—

391 4778 554 4835 (-ellio
581 4787 809 4836 auctore
837 4795 1006 4837 unum
1040 4796 1142 4853 pro
1171 4792 1322 4838 certo
1348 4781 1536 4837 haberi
1560 4789 1743 4851 potest
1764 4776 2158 4838 Kalendarium
2190 4781 2325 4838 illud
2356 4797 2534 4854 neque
2562 4791 2689 4838 ante
2716 4798 2922 4839 annum
2947 4784 3074 4853 7M,
3105 4799 3287 4854 neque
3312 4794 3438 4856 post
3468 4800 3683 4840 annum

389 4870 497 4928 787
537 4869 711 4928 fuisse
732 4873 1130 4945 conscriptum.
1158 4872 1411 4940 Quonam
1441 4872 1568 4944 jure
1594 4885 1685 4928 ex‘
1706 4871 1802 4929 illo
1837 4879 2196 4930 monumento
2240 4873 2427 4930 inferri
2458 4882 2641 4955 pptest
2671 4874 2920 4947 Dciparae
2951 4876 3009 4930 in
3044 4875 3296 4947 templum
3334 4874 3685 4948 ingredientis

389 4967 780 5022 solemnitatem
801 4968 1048 5024 nondum
1072 4966 1130 5022 in
1152 4965 1763 5037 Constantinopolitana
1777 4966 2022 5024 Ecclesia
2043 4967 2307 5024 celebrari
2329 4969 2713 5034 consuevisse,
2737 4969 2957 5025 vivente
2975 4966 3210 5025 Tarasio
3229 4967 3326 5040 qui
3347 4982 3672 5039 supremum

389 5061 534 5116 diem
563 5061 702 5116 obiit
733 5076 878 5117 anno
909 5060 1018 5116 806
1049 5059 1240 5131 lErgo
1254 5061 1406 5116 nulla
1437 5056 1657 5117 elicitur
1687 5061 1826 5116 ratio
1857 5060 2160 5119 decretoria
2188 5071 2415 5132 propter
2444 5076 2609 5130 quam
2641 5060 2888 5128 homilia,
2914 5077 3078 5134 quam
3107 5061 3452 5132 subjicimus,
3479 5077 3686 5134 magno

391 5153 622 5209 Tarasio
656 5153 730 5208 sit
753 5152 1144 5223 abjudicanda.
1175 5152 1536 5208 Communem
1565 5167 1596 5208 e
1617 5160 1812 5209 contra
1837 5152 1906 5209 de
1931 5162 2160 5210 auctore
2207 5153 2376 5226 hujus
2406 5153 2648 5210 homilite
2691 5153 3022 5212 sententiam
3052 5154 3388 5212 conﬁrmant
3414 5155 3596 5227 stylus
3622 5165 3686 5214 et

390 5265 455 5306 ea
490 5263 613 5318 qua:
641 5245 700 5301 in
729 5246 845 5317 ipsa
887 5244 1142 5301 oratione
1174 5254 1369 5302 contra
1407 5243 1806 5302 lconomacbos
1839 5244 2124 5302 dicuntur.

465 5380 554 5472 <11
585 5378 751 5472 339--
762 5377 1996 5472 mima-1'1--R€‘t:ete__.eaie!9e-31?!"
2096 5381 2836 5472 Mericﬂieeo'xaieri
2858 5382 3145 5472 ἓεοωίιῑεηι
3176 5386 3506 5472 ίηρεέρανφ
3541 5391 3689 5472 ρονο

393 5448 558 5525 quam
585 5449 690 5504 sub
720 5449 959 5525 nomine
979 5448 1306 5525 gemasceni
1326 5448 1591 5525 vulgavit
1627 5451 1857 5525 Michael
1891 5451 1994 5525 Le-
2093 5454 2383 5525 tuitionem,
2418 5457 2560 5524 Aug.
2598 5448 2990 5525 Giacomcllus,
3022 5454 3210 5514 Romae
3238 5448 3420 5525 i766;
3453 5463 3690 5518 Andreae

394 5517 587 5602 quaeq.
638 5526 680 5573 t.
731 5517 794 5585 ll,
835 5517 1525 5602 p.-849,__sed_'_l:heod6ro
1557 5520 1787 5602 Studien
1832 5524 1994 5579 resti-
2088 5517 2894 5602 Cretensishomilias‘plures,
2924 5517 3088 5602 hujus
3120 5517 3452 5602 {iurataque
3480 5517 3688 5591 Grecae

395 5589 654 5666 tuendam
679 5601 866 5666 monet
884 5590 1027 5658 Aug.
1046 5589 1446 5666 hiabBibtiotlt.
1475 5608 1597 5666 nov.
1621 5602 1662 5647 t.
1685 5592 1754 5656 ll,
1785 5609 1902 5663 par.
1926 5609 1988 5659 ιι,

2087 5604 2128 5652 ι.
2159 5594 2370 5666 κονίη,
2394 5610 2450 5666 p.
2480 5596 2607 5661 80l,
2642 5589 2926 5664 820,861,
2954 5589 3080 5664 εει,
3115 5597 3274 5665 i072,
3299 5589 3405 5658 etc.

396 5679 450 5747 ρ.
589 5669 729 5720 not.;
762 5657 1085 5715 Damasceni
1116 5663 1353 5718 oration.
1399 5663 1454 5717 in
1505 5661 1748 5734 Deipara:
1774 5657 1988 5746 annua;
2160 5666 2237 5791 (θὶέ
2266 5657 2553 5725 Ρανὶιείει.
2579 5657 2696 5721 ton.
2732 5657 2922 5737 obliqa
2943 5666 2987 5722 ll
3017 5657 3085 5724 ad
3119 5657 3377 5730 matutin.
3396 5657 3572 5731 chria
3604 5689 3686 5743 vi,

397 5741 669 5788 uatwnem
702 5729 840 5791 Opp.
892 5739 932 5784 t.
980 5728 1046 5791 Π,
1086 5744 1141 5791 ι).
1186 5732 1322 5791 855:
1353 5733 1596 5791 eiusdem
1647 5743 1884 5790 oration.
1927 5750 1981 5789 In
2084 5738 2177 5791 od.
2238 5736 2308 5791 ll.

397 5728 669 5788 iiationem
702 5729 840 5802 Opp.
892 5739 932 5784 t.
980 5728 1046 5793 ll,
1086 5744 1141 5802 p.
1186 5728 1612 5802 855;,ejusdem'
1647 5735 1884 5790 oration.
1927 5734 1981 5789 in
2084 5728 2179 5794 od.
2212 5728 2308 5792 lli.

398 5802 460 5858 Β.
504 5801 738 5873 Virginis
766 5800 909 5856 diem
951 5801 1262 5858 natatitt‘um
1309 5800 1443 5872 Opp.
1482 5813 1522 5859 t.
1568 5802 1635 5870 ll,
1685 5819 1804 5876 pag.
1839 5804 1978 5873 8H;
2151 5806 2230 5880 (5)
2270 5806 2520 5880 Spicileg.
2552 5808 2710 5868 Rom.
2737 5819 2776 5869 t.
2804 5807 2896 5878 ιν,
2927 5824 2984 5882 p.
3018 5809 3139 5867 186.
