4026 6416
402 400 527 466 1481

1319 404 1403 465 ΙΝ
1428 403 1531 464 SS.
1585 403 1937 465 DEIPARzE
1978 404 2700 470 PRESENTATIONEM.

3493 405 3622 465 M32

415 550 3619 592 ΝΜ

1476 687 1618 742 ΤΟΥ
1647 686 1739 741 ΕΝ
1770 688 1997 741 ΔΓΙΟΙΣ
2026 687 2300 743 ΠΑΤΡΟΣ
2324 689 2525 744 ΗΜΩΝ

543 828 1078 923 ΤΑΡΑΣΙΟΥ
1126 831 1996 936 ΑΡΧΙΕΠΙΣΚΟΠσ

2126 834 3461 926 ΚΩΝΣΤΑΝΤΙΝΟΥΠΟΛΕΩΣ
3506 774 3514 778 ”

1745 1004 2276 1126 ΛΟΓΟΣ

1195 1206 1326 1260 ΕΙΣ
1348 1207 1432 1260 ΤΔ
1454 1206 1749 1262 ΕΙΣΟΔῙΔ
1784 1207 1924 1259 ΤΗΣ
1964 1206 2390 1262 ΥΠΕΡΔΓῙΑΣ
2422 1202 2812 1260 ΘΕΟἸὉΚῺΥ.

1553 1466 1830 1525 SANCTI
1862 1465 2138 1524 PATRIS
2173 1464 2451 1525 NOSTRI

484 1621 981 1713 ‘TARASII
1025 1619 1953 1735 ARCHIEPISCOPI
2018 1611 3465 1751 CONS'I‘ANTINOPOLITANI
3577 1696 3586 1705 .

1698 1810 2297 1942 ORATIO

1046 2027 1127 2089 IN
1187 2024 1292 2088 SS.
1351 2024 1489 2088 DEI
1525 2021 1873 2086 MATREM
1904 2021 1987 2084 lN
2042 2023 2438 2089 TEMPLUM
2484 2022 2950 2089 DEDUCTAM.

973 2297 1352 2367 Εὺλόγησον.
1982 2315 2028 2369 Α

445 2398 533 2453 Αι.
563 2392 769 2465 Φαιδρά
794 2391 892 2445 και
918 2388 1225 2461 παράδοξος
1252 2393 1287 2461 ἡ
1316 2389 1570 2461 παροῦσα
1599 2390 1949 2462 πανήγυρις»

377 2489 609 2544 καὶτῶν
664 2482 963 2555 φιλεορτῶν
991 2483 1084 2536 τὸν
1121 2482 1286 2536 πόθον
1320 2484 1458 2553 πρὸς
1500 2483 1770 2553 ὑμνῳδίαν
1804 2484 1951 2552 ἐγεί-

378 2598 568 2653 pauca,
592 2582 629 2651 ή
673 2578 772 2647 τῆς
823 2573 1208 2644 ’Δειπαρθένου
1236 2575 1330 2628 καὶ
1354 2576 1622 2629 Θεοτόκου
1653 2578 1712 2629 ὲν
1735 2574 1814 2645 τῷ
1838 2575 1951 2645 ναῷ

380 2673 601 2742 πρόοδος
624 2687 640 2703 '
691 2670 930 2739 σήμερον
960 2670 1068 2737 γὰρ
1118 2669 1147 2720 ό
1183 2667 1412 2737 οὐρανὸς
1444 2668 1539 2720 καὶ
1577 2669 1610 2737 ή
1652 2670 1723 2737 γῆ
1765 2667 1950 2737 κοινὴν

376 2765 570 2837 ἑορτὴν
593 2760 962 2822 ἐκτελοῦντες,
986 2760 1290 2829 ἀμφότεροι
1315 2758 1406 2812 τὸν
1435 2760 1509 2825 Ar,
1519 2759 1779 2827 μειουργὸν
1801 2757 1950 2824 δοξο-

374 2856 595 2925 λογοῦσι
626 2854 718 2907 τὸν
742 2854 808 2906 ὲκ
829 2851 1076 2922 βροτείας
1109 2845 1451 2919 φύσεωέτὴν
1482 2848 1745 2904 θεόπαιδα
1779 2850 1947 2921 κόρην

376 2947 742 3018 ὶκλεξάμενον
775 2945 856 3008 εἰς
878 2943 1075 2998 ἑαυτοῦ
1105 2942 1549 3012 κατασκήνωσιν,

448 3127 699 3200 Σήμερον
737 3123 834 3179 τοῦ
875 3122 993 3195 πρὸ,
1009 3121 1228 3175 πάντων
1276 3122 1488 3176 αἰώνων
1531 3120 1954 3192 προορισθέντος

376 3219 685 3292 μυστηρίου
717 3215 812 3270 καὶ
840 3216 939 3268 ἐπ’
968 3216 1216 3284 ἐσχάτων
1245 3213 1614 3283 φανεροῦσθαι
1647 3214 1952 3284 μέλλοντος,

374 3311 762 3385 εὐτρεπίζεται
792 3307 1129 3381 οἰκητήριον.
1177 3306 1428 3377 Σήμερον
1465 3308 1498 3376 ή
1532 3306 1591 3372 ἐξ
1616 3305 1956 3374 ἐπαγγελίας

375 3402 633 3474 τεχθεῖσα
673 3400 732 3466 ἐξ
778 3396 1033 3466 Ἰωακεὶμ
1079 3396 1174 3449 καὶ
1214 3396 1416 3465 Ἀννης
1450 3395 1823 3467 προσφέρεται
1860 3396 1955 3451 ὑπ’

375 3493 580 3554 αὐτῶν,
606 3490 787 3560 τίμιον
815 3487 1010 3567 δῷρον,
1042 3484 1121 3556 τῷ
1141 3485 1442 3556 μετέπειτα
1475 3487 1535 3552 ἐξ
1567 3486 1740 3555 αὐτῆς
1761 3485 1958 3556 τεχθῆ-

376 3602 469 3639 ναι
490 3581 867 3650 εὐδοκήσαντι.
891 3576 1140 3646 Σήμερον
1162 3574 1224 3628 τὸ
1245 3576 1346 3644 τῆς
1375 3577 1553 3649 χαρᾶς
1587 3576 1874 3646 προοίμιον
1898 3576 1957 3627 ὲν

2722 2300 2964 2356 Benedic.
3058 2310 3067 2317 '

2129 2390 2172 2450 Ι.
2224 2391 2373 2448 ιω
2423 2402 2588 2463 atque
2631 2391 2969 2448 admirabilis
3012 2391 3274 2448 hodierna
3313 2391 3624 2457 celebritas.

2057 2498 2181 2554 quae
2207 2483 2485 2540 studiosos
2520 2485 2760 2541 cultores
2791 2485 3055 2541 festorum
3085 2485 3297 2541 dierum
3327 2488 3529 2541 excitat
3560 2488 3628 2540 ad

2059 2577 2294 2648 hymnos
2320 2575 2695 2635 concinendos
2717 2617 2741 2656 ,_
2769 2588 3083 2648 perpetuam
3117 2576 3395 2648 Virginem
3424 2578 3630 2649 Deique

2059 2667 2287 2724 Matrem
2339 2669 2395 2722 in
2455 2668 2718 2738 templum
2766 2669 3203 2738 progredientem
3253 2670 3626 2739 prosequitur.

2060 2758 2271 2814 Etenim
2313 2760 2474 2815 hodie
2517 2761 2718 2817 coelum
2759 2772 2814 2817 et
2856 2772 2997 2817 terra
3030 2776 3378 2816 communem
3421 2761 3632 2832 agitant

2064 2851 2488 2917 solemnitatem,
2524 2860 2582 2906 et
2616 2850 2950 2921 coniunctim
2985 2851 3210 2907 laudant
3241 2866 3426 2911 rerum
3456 2851 3629 2922 Opiﬂ-

2059 2957 2203 3006 cem,
2231 2943 2326 3012 qui
2359 2960 2391 2997 e
2424 2943 2596 3013 stirpe
2621 2944 2936 2999 mortalium
2983 2945 3220 3015 puellam
3239 2985 3256 3013 ,
3277 2959 3402 3016 quae
3433 2943 3527 3000 Dei
3548 2954 3634 3001 est

2059 3030 2196 3095 ﬁlia,
2229 3030 2297 3086 ad
2318 3032 2404 3088 sui
2436 3031 2808 3088 habitaculum
2837 3034 3055 3104 delegit.

2136 3120 2311 3177 Hodie
2358 3124 2689 3179 sacramenti
2715 3134 2842 3179 ante
2870 3126 3054 3179 omnia
3102 3126 3303 3181 saecula
3350 3126 3635 3201 praeparati

2061 3215 2219 3282 cujus
2246 3214 2314 3269 ad
2338 3223 2582 3270 extrema
2610 3224 2855 3285 tempora
2888 3216 3281 3272 reservabatur
3309 3217 3632 3274 manifesta—

2060 3304 2160 3369 tiu,
2215 3312 2515 3373 apparatur
2547 3304 2909 3361 domicilium.
2944 3304 3118 3362 ilodie
3150 3322 3218 3362 ex
3263 3308 3633 3378 promissidne

2063 3397 2264 3466 genita,
2289 3394 2561 3452 Joachimi
2584 3407 2639 3453 et
2662 3398 2833 3454 Annae
2856 3397 2989 3463 ﬁlia,
3019 3400 3088 3455 ab
3111 3400 3307 3455 iisdem
3330 3395 3634 3471 pretiosum

2063 3502 2265 3544 munus
2292 3488 2370 3542 illi
2396 3488 2644 3556 ‘oﬂertur,
2675 3490 2770 3560 qui
2795 3498 2986 3560 postea
3012 3491 3325 3562 dignabitur
3347 3493 3416 3547 ab
3442 3508 3506 3548 ea
3537 3509 3635 3564 ge-

2063 3580 2265 3635 nerari.
2288 3578 2461 3636 Hodie
2487 3580 2850 3651 primordium
2876 3581 3078 3638 laetitiae
3100 3583 3391 3640 adducitur
3414 3584 3469 3639 in
3500 3595 3636 3639 tem-

373 3675 456 3745 τῷ
484 3673 595 3743 ναῷ
625 3669 908 3735 εἰσάγεται
934 3665 1300 3738 τριετίζουσα,
1334 3664 1714 3737 καὶθπαρθένοι
1749 3665 1956 3737 ταύτης
1988 3671 1996 3726 l

2057 3671 2209 3741 plum
2254 3672 2494 3739 trimula,
2526 3670 2691 3744 quam
2726 3673 2972 3745 virgines
3002 3689 3127 3730 cum
3158 3675 3504 3744 lampadibus
3537 3677 3634 3732 de-

379 3770 523 3839 μετὰ
570 3766 871 3837 λαμπάδων
920 3764 1378 3836 προπορεύονται.
1413 3760 1684 3831 Σήμερον
1727 3761 1760 3831 ή
1804 3758 1958 3823 λύσις

375 3863 479 3931 τῆς
506 3858 867 3929 στειρωτικῆς
903 3856 1172 3927 κατάρας,
1215 3853 1389 3920 δῶρον
1431 3854 1513 3914 εἰς
1538 3851 1608 3904 τά
1648 3851 1816 3919 Ἀγια
1849 3850 1957 3903 τῶν

374 3953 552 4022 ἁγίων
577 3951 932 4022 προσάγεται.
953 3949 1201 4019 Σήμερον
1217 3944 1326 3999 τῶν
1340 3941 1650 4016 ’προφητῶν
1671 3941 1736 3994 τὸ
1755 3941 1824 4012 κή
1833 3955 1959 4010 ρυγ-

380 4063 463 4115 μα
483 4087 499 4109 ,
542 4044 648 4097 ὑπὸ
675 4044 772 4096 τοῦ
800 4040 1106 4113 ἀρχιερέως
1135 4039 1228 4091 καὶ
1254 4035 1538 4106 προφήτου
1570 4035 1848 4106 Ζαχαρίου
1874 4034 1956 4097 είς

375 4136 449 4189 τὰ
491 4134 663 4187 ἀδυτα
698 4131 988 4202 ἀνέρχεται
1011 4144 1025 4158 ·
1057 4126 1188 4181 ἔνθα
1213 4126 1377 4188 αὐτὸς
1404 4121 1554 4186 ἅπαξ
1584 4123 1678 4176 τοῦ
1709 4122 1954 4176 ἐνιαυτοῦ

385 4225 501 4298 μετ’
521 4222 806 4285 εὐλαϐείας
830 4221 950 4288 είσή
961 4215 1301 4291 ρχετο,,αῢτη
1336 4213 1578 4284 φαιδρῶς
1602 4212 1742 4284 μετά
1771 4211 1956 4276 ἀδείας

381 4313 592 4384 ἡμέρας
623 4313 718 4366 καὶ
743 4309 938 4373 νυκτὸς
966 4307 1278 4373 ἐκαθέζετο.

455 4407 529 4459 B’.
565 4406 662 4468 Τίς
690 4404 792 4457 οὐκ
825 4400 1074 4471 ὲκπλαγῇ
1100 4400 1237 4474 πρὸς
1259 4399 1320 4453 τδ
1345 4396 1647 4470 παράδοξον
1677 4397 1912 4467 πρᾶγμα
1935 4412 1952 4462 ;

379 4499 465 4561 τίς
489 4498 591 4550 οὐκ
618 4494 979 4565 ἐκπλήττεται
1015 4496 1109 4545 ἐπὶ
1139 4490 1216 4561 τῷ
1245 4491 1537 4561 παραδόξῳ
1568 4487 1843 4559 θαύματι;
1872 4486 1958 4550 τίς

377 4594 482 4646 οὐκ
509 4590 789 4660 ὲκπλαγῇ,
804 4587 1018 4659 βλέπων
1039 4586 1098 4638 iw
1124 4582 1203 4654 τῷ
1233 4583 1365 4654 ἱερῷ
1391 4582 1832 4654 παρεδρεύουσαν
1853 4581 1950 4651 τὴν

372 4687 493 4748 τοῖς
521 4680 727 4753 ἱερεῦσι
752 4680 1039 4750 γεγονυῖαν
1059 4675 1354 4746 ἀπρόσιτον
1380 4676 1603 4747 Μαρίαν
1633 4675 1731 4744 τὴν
1757 4671 1956 4743 ἀμίαν-

377 4791 471 4827 τον
502 4771 716 4839 ;Τοῦτο
755 4771 856 4838 τῆς
907 4766 1043 4837 πρὸς
1088 4766 1237 4838 ἡμᾶς
1288 4766 1587 4833 συναφείας
1632 4762 1983 4837 προοίμιονοθ

2056 3763 2286 3819 ducunt.
2317 3763 2489 3819 Hodie
2530 3766 2587 3819 in
2621 3764 2822 3821 Sancta
2859 3774 3179 3823 sanctorum
3206 3782 3306 3822 ceu
3332 3768 3536 3822 donum
3567 3784 3632 3824 ea

2054 3853 2309 3921 infertur,
2324 3871 2455 3926 quae
2476 3855 2780 3911 sterilitatis
2805 3857 3251 3913 maledictionem
3273 3857 3501 3914 abstulit
3526 3858 3628 3931 (i).

2044 3948 2229 4006 Hodie
2258 3967 2290 4006 a
2313 3950 2592 4023 prophetis
2618 3950 2932 4022 praedicata,
2963 3948 3250 4006 sacerdote
3271 3966 3337 4006 ae
3369 3953 3633 4022 propheta

2054 4040 2320 4097 Zacharia
2381 4042 2701 4108 comitante,
2733 4041 2792 4096 in
2824 4042 3130 4098 sanctiores
3160 4042 3349 4112 templi
3379 4057 3632 4099 recessus

2054 4134 2338 4201 ascendit;
2366 4141 2422 4189 et
2449 4149 2611 4204 quem
2640 4135 2825 4190 locum
2857 4134 3026 4190 semel
3053 4134 3144 4189 ille
3181 4134 3476 4206 quotannis
3505 4134 3631 4191 cuin

2054 4233 2202 4279 metu
2232 4224 2440 4291 adibat,
2472 4225 2528 4279 in
2553 4238 2620 4280 eo
2649 4224 2831 4295 puella
2860 4226 2966 4281 ista
2993 4226 3153 4281 hilari
3184 4242 3308 4282 cum
3338 4231 3633 4284 securitate

2054 4315 2148 4370 diu
2178 4323 2450 4385 noctuque
2476 4315 2821 4372 considebat.

2125 4398 2190 4456 ll.
2220 4401 2355 4468 Quis
2398 4401 2479 4457 rei
2515 4405 2757 4459 novitate
2790 4419 2898 4460 non
2938 4406 3329 4476 Obstupescat?
3363 4409 3488 4478 quis
3524 4422 3631 4464 non

2056 4493 2321 4563 suspiciat
2344 4493 2667 4549 inusitatum
2696 4496 3052 4567 prodigium?
3075 4497 3210 4564 Quis
3236 4513 3345 4554 non
3376 4501 3635 4569 percella-

2056 4591 2147 4638 tur
2178 4583 2559 4652 admiratione,
2590 4601 2717 4642 cum
2742 4587 2931 4644 videat
2960 4589 3629 4646 immaculatam-Mariam

2055 4673 2111 4727 in
2134 4674 2308 4730 sacris
2353 4675 2533 4747 adytis
2556 4684 2559 4691 ’
2586 4678 2924 4734 assidentem
2956 4680 3043 4735 vel
3080 4679 3217 4750 ipsis
3252 4681 3628 4739 sacerdotibus

2055 4763 2254 4819 factam
2287 4764 2677 4823 inaccessam?
2708 4766 2824 4825 Hoc
2860 4769 3075 4824 initium
3108 4777 3192 4824 est
3214 4769 3411 4825 divina:
3442 4772 3629 4827 nonis—

378 4862 538 4917 τοῦτο
566 4863 665 4932 τῆς
710 4858 818 4912 τῶν
842 4860 1088 4925 ἀγγέλων
1120 4854 1260 4925 μετά
1286 4853 1593 4932 ἀνθρώπων
1637 4848 1953 4922 συμμίξεως

2059 4870 2185 4912 cum
2210 4858 2640 4928 conjunctionis.
2664 4857 2793 4915 Haec
2813 4861 2992 4930 prima
3022 4871 3149 4918 sunt
3177 4861 3509 4920 lineamenta
3545 4865 3602 4920 iu
3618 4896 3632 4903 ς

383 4952 756 5023 προχάραγμα
775 4966 791 4982 ·
818 4950 984 5002 ’τοῦτο
999 4949 1095 5016 τῆς
1116 4945 1273 5017 ήμῶν
1297 4944 1690 5007 ἀνακαινίσεως
1708 4941 1954 5013 ὲκσφρά-
1990 5017 1996 5023 Α

2057 4957 2191 5005 ture
2220 4950 2360 5005 inter
2389 4951 2611 5022 angelus
2650 4951 3011 5023 hominesque
3042 4955 3343 5011 societatis.
3377 4954 3502 5011 Haec
3534 4975 3633 5013 ex-

380 5013 591 5113 γισμαί
640 5013 800 5095 τοῦτο
824 5040 918 5093 τοῦ
952 5013 1330 5109 ἀκανθοξοόρου
1368 5036 1486 5107 βίου
1520 5035 1678 5104 ήμῶν
1726 5034 1822 5087 καὶ
1853 5017 1996 5104 τῆς⁴

2057 5054 2244 5111 pressa
2298 5041 2498 5114 eﬂigies
2546 5052 2753 5100 nostrae
2783 5046 3221 5103 instaurationis.
3255 5047 3382 5104 Haec
3426 5059 3632 5105 nostra-

380 5136 709 5203 ἀποφάσεως
735 5134 834 5204 τῆς
862 5131 1156 5203 προτέρας,
1192 5129 1311 5195 τοῦ,
1337 5126 1796 5195 Ἐπικατάρατος
1819 5126 1858 5194 ἡ
1882 5123 1960 5194 τῆ

2057 5132 2187 5188 vitae
2210 5133 2398 5202 spinas
2425 5120 2650 5192 ferentis
2683 5147 2850 5207 atque
2881 5138 3030 5195 illius
3053 5142 3384 5211 permutatio
3419 5151 3474 5195 et
3502 5158 3628 5196 sen-

377 5226 451 5279 ἐν
469 5223 596 5289 τοῖς
638 5223 837 5292 ἔργοις
867 5238 1006 5287 σου,
1037 5220 1304 5285 ἀκάνθας
1337 5219 1435 5272 καί
1468 5217 1782 5285 τριϐόλους
1809 5218 1958 5272 ἀνα-

2057 5226 2242 5281 tentia:
2264 5227 2393 5301 olim
2428 5224 2595 5283 lata:
2634 5227 2926 5284 Maledicta
2973 5239 3118 5284 terra
3152 5232 3207 5285 in
3233 5232 3474 5300 operibus
3509 5234 3631 5287 tuis.

380 5312 544 5368 τελεῖ
560 5329 689 5366 σοι’
717 5311 813 5365 καὶ
837 5310 958 5374 τοῦ,
996 5310 1102 5363 Ἐν
1123 5307 1320 5377 ἱδρῶτι
1345 5308 1452 5362 τοῦ
1483 5305 1810 5374 προσώπου
1840 5318 1959 5359 σου

2059 5318 2243 5386 spinas
2282 5328 2331 5372 et
2374 5319 2595 5375 tribulos
2630 5319 2904 5376 submittet
2952 5321 3048 5376 tibi
3094 5323 3149 5388 ¹;
3208 5332 3263 5378 et
3308 5323 3457 5380 illius
3494 5342 3508 5379 :
3566 5323 3630 5378 In

378 5403 545 5477 τραγ-ᾔ
579 5403 690 5459 τὸν
737 5403 924 5471 ἄρτον
963 5406 1081 5456 σου
1102 5443 1119 5470 ,
1160 5402 1194 5472 ή
1237 5395 1564 5472 μετάλλαξις
1588 5413 1603 5429 ο
1644 5397 1807 5450 τοῦτο
1838 5395 1954 5461 τοῦ,

2057 5406 2245 5461 sudore
2272 5408 2446 5463 vultus
2472 5412 2550 5464 tui
2580 5411 2798 5466 vesceris
2830 5426 2966 5480 pane
2993 5413 3036 5467 ³.
3068 5410 3197 5467 Haec
3239 5422 3324 5470 est
3358 5423 3506 5469 certa
3542 5431 3619 5467 re-

379 5496 674 5565 Πληθύνω
721 5496 828 5559 τὰς
866 5496 1069 5559 λύπας
1115 5507 1233 5546 σου
1264 5491 1364 5546 καί
1396 5489 1537 5557 τοὺς
1577 5486 1954 5559 στεναγμούς

2057 5497 2301 5566 demptio
2324 5499 2395 5557 ab
2417 5500 2622 5559 inﬂicta
2666 5486 2758 5558 illa
2785 5518 2945 5575 poena
2972 5522 2987 5561 :
3020 5503 3389 5577 Multiplicabo
3429 5506 3631 5561 dolore.

451 5631 473 5664 ι
507 5628 645 5684 Gen.
677 5642 763 5695 ιιι,
797 5612 887 5683 ιπζ
963 5629 985 5660 ι
1020 5626 1153 5682 ibid.
1186 5626 1275 5682 19.

453 5779 530 5851 (l)
563 5759 911 5851 sterilitatem
956 5789 1066 5851 non
1097 5773 1385 5851 _Joac_hi_r_ni
1435 5781 1491 5828 et
1518 5770 1964 5851 Annae__tantum,
2006 5771 2100 5828 sed
2139 5783 2195 5829 et
2251 5773 2507 5834 humanae
2524 5789 2744 5849 quoque
2775 5785 2980 5835 naturae
3020 5791 3141 5845 quae
3170 5775 3237 5830 ad
3284 5772 3507 5829 Mariam
3536 5788 3622 5830 us-

380 5843 486 5921 que
508 5843 715 5903 nullum
738 5846 978 5935 fructum
1007 5845 1109 5899 nisi
1139 5845 1491 5899 maledictum
1522 5843 1766 5914 protulit.

735 5945 1004 6005 ΡΑτιιοι..
1050 5942 1165 6007 Gn.
1201 5941 1458 6003 XCVIII
3242 5936 3321 5996 b7
