  <div class='ocr_page' id='page_1' title='image "/cluster/home/n/w/nwhite01/storage/ocr_20150623/98/coo.31924054870021/752.png"; bbox 0 0 4026 6382; ppageno 0'>
   <div class='ocr_carea' id='block_1_1' title="bbox 352 361 488 428">
    <p class='ocr_par' dir='ltr' id='par_1_1' title="bbox 352 361 488 428">
     <span class='ocr_line' id='line_1_1' title="bbox 352 361 488 428; baseline 0.015 -2"><span class='ocrx_word' id='word_1_1' title='bbox 352 361 488 428; x_wconf 72' lang='grc'><strong>1485</strong></span> 
     </span>
    </p>
   </div>
   <div class='ocr_carea' id='block_1_2' title="bbox 1296 353 2684 423">
    <p class='ocr_par' dir='ltr' id='par_1_2' title="bbox 1296 353 2684 423">
     <span class='ocr_line' id='line_1_2' title="bbox 1296 353 2684 423; baseline -0.001 -5"><span class='ocrx_word' id='word_1_2' title='bbox 1296 359 1380 422; x_wconf 91' lang='grc' dir='ltr'><strong>ΙΝ</strong></span> <span class='ocrx_word' id='word_1_3' title='bbox 1410 360 1515 423; x_wconf 91' lang='lat' dir='ltr'><strong>SS.</strong></span> <span class='ocrx_word' id='word_1_4' title='bbox 1548 357 1902 420; x_wconf 68' lang='lat' dir='ltr'><strong>DEIPARE</strong></span> <span class='ocrx_word' id='word_1_5' title='bbox 1946 353 2684 417; x_wconf 74' lang='lat' dir='ltr'><strong>PR/ESENTATIONEM.</strong></span> 
     </span>
    </p>
   </div>
   <div class='ocr_carea' id='block_1_3' title="bbox 3487 341 3624 406">
    <p class='ocr_par' dir='ltr' id='par_1_3' title="bbox 3487 341 3624 406">
     <span class='ocr_line' id='line_1_3' title="bbox 3487 341 3624 406; baseline 0 0"><span class='ocrx_word' id='word_1_6' title='bbox 3487 341 3624 406; x_wconf 77' lang='grc'><strong>1486</strong></span> 
     </span>
    </p>
   </div>
   <div class='ocr_carea' id='block_1_4' title="bbox 345 455 1945 542">
    <p class='ocr_par' dir='ltr' id='par_1_4' title="bbox 345 468 1934 542">
     <span class='ocr_line' id='line_1_4' title="bbox 345 468 1934 542; baseline -0.006 -13"><span class='ocrx_word' id='word_1_7' title='bbox 345 490 524 539; x_wconf 86' lang='grc' dir='ltr'>σασα,</span> <span class='ocrx_word' id='word_1_8' title='bbox 564 472 769 542; x_wconf 79' lang='grc' dir='ltr'>φυσικῇ</span> <span class='ocrx_word' id='word_1_9' title='bbox 813 469 1056 525; x_wconf 75' lang='grc' dir='ltr'><strong>διαθέσει</strong></span> <span class='ocrx_word' id='word_1_10' title='bbox 1103 471 1332 534; x_wconf 80' lang='grc' dir='ltr'>ἄτεκνος</span> <span class='ocrx_word' id='word_1_11' title='bbox 1377 471 1730 540; x_wconf 77' lang='grc' dir='ltr'>ὲγνωρίζετο.</span> <span class='ocrx_word' id='word_1_12' title='bbox 1767 468 1934 521; x_wconf 79' lang='grc' dir='ltr'>’Ὅθεν</span> 
     </span>
    </p>
   </div>
   <div class='ocr_carea' id='block_1_5' title="bbox 2049 455 3622 542">
    <p class='ocr_par' dir='ltr' id='par_1_5' title="bbox 2049 455 3622 536">
     <span class='ocr_line' id='line_1_5' title="bbox 2049 455 3622 536; baseline -0.004 -19"><span class='ocrx_word' id='word_1_13' title='bbox 2049 463 2470 536; x_wconf 82' lang='lat' dir='ltr'><strong>dignoscebatur</strong></span> <span class='ocrx_word' id='word_1_14' title='bbox 2509 479 2705 521; x_wconf 82' lang='lat' dir='ltr'><strong>exsors</strong></span> <span class='ocrx_word' id='word_1_15' title='bbox 2738 459 3079 533; x_wconf 82' lang='lat' dir='ltr'><strong>concipiendi</strong></span> <span class='ocrx_word' id='word_1_16' title='bbox 3114 458 3278 514; x_wconf 64' lang='lat' dir='ltr'><strong>ﬂetus</strong></span> <span class='ocrx_word' id='word_1_17' title='bbox 3304 455 3622 512; x_wconf 83' lang='lat' dir='ltr'><strong>conditione</strong></span> 
     </span>
    </p>
   </div>
   <div class='ocr_carea' id='block_1_6' title="bbox 347 551 1928 639">
    <p class='ocr_par' dir='ltr' id='par_1_6' title="bbox 347 551 1928 639">
     <span class='ocr_line' id='line_1_6' title="bbox 347 551 1928 639; baseline -0.006 -17"><span class='ocrx_word' id='word_1_18' title='bbox 347 568 440 639; x_wconf 73' lang='grc' dir='ltr'>τὴν</span> <span class='ocrx_word' id='word_1_19' title='bbox 463 564 816 636; x_wconf 81' lang='grc' dir='ltr'><strong>ἀναχώρησιν</strong></span> <span class='ocrx_word' id='word_1_20' title='bbox 834 563 931 617; x_wconf 79' lang='grc' dir='ltr'><strong>τοῦ</strong></span> <span class='ocrx_word' id='word_1_21' title='bbox 953 563 1193 633; x_wconf 75' lang='grc' dir='ltr'><strong>συζύγου</strong></span> <span class='ocrx_word' id='word_1_22' title='bbox 1217 563 1575 634; x_wconf 81' lang='grc' dir='ltr'><strong>θεωρήσασα,</strong></span> <span class='ocrx_word' id='word_1_23' title='bbox 1601 564 1676 626; x_wconf 82' lang='grc' dir='ltr'><strong>ὡς</strong></span> <span class='ocrx_word' id='word_1_24' title='bbox 1708 551 1928 632; x_wconf 83' lang='grc' dir='ltr'>τρυγὼν</span> 
     </span>
    </p>
   </div>
   <div class='ocr_carea' id='block_1_7' title="bbox 345 651 1929 734">
    <p class='ocr_par' dir='ltr' id='par_1_7' title="bbox 345 651 1929 734">
     <span class='ocr_line' id='line_1_7' title="bbox 345 651 1929 734; baseline -0.003 -23"><span class='ocrx_word' id='word_1_25' title='bbox 345 659 665 734; x_wconf 76' lang='grc' dir='ltr'>φιλέρημος,</span> <span class='ocrx_word' id='word_1_26' title='bbox 688 659 746 712; x_wconf 84' lang='grc' dir='ltr'><strong>ὲν</strong></span> <span class='ocrx_word' id='word_1_27' title='bbox 769 657 849 730; x_wconf 83' lang='grc' dir='ltr'><strong>τῷ</strong></span> <span class='ocrx_word' id='word_1_28' title='bbox 875 659 1050 728; x_wconf 85' lang='grc' dir='ltr'>αὐτῆς</span> <span class='ocrx_word' id='word_1_29' title='bbox 1076 658 1397 731; x_wconf 78' lang='grc' dir='ltr'><strong>παραδείσῳ</strong></span> <span class='ocrx_word' id='word_1_30' title='bbox 1417 651 1604 728; x_wconf 80' lang='grc' dir='ltr'>εὐχαῖς</span> <span class='ocrx_word' id='word_1_31' title='bbox 1631 655 1929 725; x_wconf 83' lang='grc' dir='ltr'>ίκετηρίοις</span> 
     </span>
    </p>
   </div>
   <div class='ocr_carea' id='block_1_8' title="bbox 345 735 1928 824">
    <p class='ocr_par' dir='ltr' id='par_1_8' title="bbox 345 735 1928 824">
     <span class='ocr_line' id='line_1_8' title="bbox 345 735 1928 824; baseline -0.005 -18"><span class='ocrx_word' id='word_1_32' title='bbox 345 753 437 806; x_wconf 82' lang='grc' dir='ltr'>τὸν</span> <span class='ocrx_word' id='word_1_33' title='bbox 489 751 724 824; x_wconf 76' lang='grc' dir='ltr'>ποιητὴν</span> <span class='ocrx_word' id='word_1_34' title='bbox 773 751 870 804; x_wconf 75' lang='grc' dir='ltr'>καὶ</span> <span class='ocrx_word' id='word_1_35' title='bbox 914 751 1161 820; x_wconf 84' lang='grc' dir='ltr'>πλάστην</span> <span class='ocrx_word' id='word_1_36' title='bbox 1198 735 1658 820; x_wconf 73' lang='grc' dir='ltr'><strong>ἀνακαλουμένη,</strong></span> <span class='ocrx_word' id='word_1_37' title='bbox 1703 747 1888 815; x_wconf 84' lang='grc' dir='ltr'>ἔλεγεν</span> <span class='ocrx_word' id='word_1_38' title='bbox 1913 762 1928 776; x_wconf 74' lang='grc' dir='ltr'><strong>ο</strong></span> 
     </span>
    </p>
   </div>
   <div class='ocr_carea' id='block_1_9' title="bbox 343 835 1928 914">
    <p class='ocr_par' dir='ltr' id='par_1_9' title="bbox 343 835 1928 914">
     <span class='ocr_line' id='line_1_9' title="bbox 343 835 1928 914; baseline -0.006 -15"><span class='ocrx_word' id='word_1_39' title='bbox 343 835 416 899; x_wconf 67' lang='grc'><strong>⁷0</strong></span> <span class='ocrx_word' id='word_1_40' title='bbox 447 843 622 914; x_wconf 86' lang='grc' dir='ltr'>Κύριε</span> <span class='ocrx_word' id='word_1_41' title='bbox 653 841 908 910; x_wconf 75' lang='grc' dir='ltr'>Σαϐαὼθ,</span> <span class='ocrx_word' id='word_1_42' title='bbox 935 845 969 896; x_wconf 82' lang='grc' dir='ltr'><strong>ό</strong></span> <span class='ocrx_word' id='word_1_43' title='bbox 987 839 1328 911; x_wconf 77' lang='grc' dir='ltr'>καθήμενος</span> <span class='ocrx_word' id='word_1_44' title='bbox 1353 839 1590 896; x_wconf 78' lang='grc' dir='ltr'>ἐπὶτῶν</span> <span class='ocrx_word' id='word_1_45' title='bbox 1614 839 1928 907; x_wconf 66' lang='grc' dir='ltr'>Χερουϐὶμ,</span> 
     </span>
    </p>
   </div>
   <div class='ocr_carea' id='block_1_10' title="bbox 348 929 1932 1006">
    <p class='ocr_par' dir='ltr' id='par_1_10' title="bbox 348 929 1932 1006">
     <span class='ocr_line' id='line_1_10' title="bbox 348 929 1932 1006; baseline -0.006 -14"><span class='ocrx_word' id='word_1_46' title='bbox 348 938 438 994; x_wconf 71' lang='grc' dir='ltr'>καὶ</span> <span class='ocrx_word' id='word_1_47' title='bbox 481 935 843 1006; x_wconf 68' lang='grc' dir='ltr'>δοξαζόμενος</span> <span class='ocrx_word' id='word_1_48' title='bbox 918 934 1025 998; x_wconf 69' lang='grc' dir='ltr'><strong>ὑπὸ</strong></span> <span class='ocrx_word' id='word_1_49' title='bbox 1075 933 1186 988; x_wconf 86' lang='grc' dir='ltr'><strong>τῶν</strong></span> <span class='ocrx_word' id='word_1_50' title='bbox 1240 933 1532 1004; x_wconf 65' lang='grc' dir='ltr'>Σεραφίμ·</span> <span class='ocrx_word' id='word_1_51' title='bbox 1590 935 1624 986; x_wconf 87' lang='grc' dir='ltr'><em>ὀ</em></span> <span class='ocrx_word' id='word_1_52' title='bbox 1677 929 1932 1000; x_wconf 77' lang='grc' dir='ltr'><strong>μυριάσι</strong></span> 
     </span>
    </p>
   </div>
   <div class='ocr_carea' id='block_1_11' title="bbox 342 1020 1934 1100">
    <p class='ocr_par' dir='ltr' id='par_1_11' title="bbox 342 1020 1934 1100">
     <span class='ocr_line' id='line_1_11' title="bbox 342 1020 1934 1100; baseline -0.006 -16"><span class='ocrx_word' id='word_1_53' title='bbox 342 1027 654 1098; x_wconf 73' lang='grc' dir='ltr'><strong>μυριάδων</strong></span> <span class='ocrx_word' id='word_1_54' title='bbox 700 1025 954 1100; x_wconf 82' lang='grc' dir='ltr'>ἀγγέλων</span> <span class='ocrx_word' id='word_1_55' title='bbox 1000 1023 1492 1096; x_wconf 77' lang='grc' dir='ltr'><strong>δορυφορούμενος,</strong></span> <span class='ocrx_word' id='word_1_56' title='bbox 1552 1021 1651 1077; x_wconf 76' lang='grc' dir='ltr'>καί</span> <span class='ocrx_word' id='word_1_57' title='bbox 1701 1020 1934 1092; x_wconf 74' lang='grc' dir='ltr'>χιλιάσι</span> 
     </span>
    </p>
   </div>
   <div class='ocr_carea' id='block_1_12' title="bbox 344 1111 1931 1194">
    <p class='ocr_par' dir='ltr' id='par_1_12' title="bbox 344 1111 1931 1194">
     <span class='ocr_line' id='line_1_12' title="bbox 344 1111 1931 1194; baseline -0.009 -19"><span class='ocrx_word' id='word_1_58' title='bbox 344 1119 634 1190; x_wconf 71' lang='grc' dir='ltr'>χιλιάδων</span> <span class='ocrx_word' id='word_1_59' title='bbox 663 1117 939 1189; x_wconf 81' lang='grc' dir='ltr'>στρατιῶν</span> <span class='ocrx_word' id='word_1_60' title='bbox 957 1114 1421 1194; x_wconf 27' lang='grc' dir='ltr'>’δοξολογοὺμενος</span> <span class='ocrx_word' id='word_1_61' title='bbox 1449 1111 1548 1168; x_wconf 71' lang='grc' dir='ltr'>καὶ</span> <span class='ocrx_word' id='word_1_62' title='bbox 1591 1111 1931 1192; x_wconf 48' lang='grc' dir='ltr'>προσκυνούέ</span> 
     </span>
    </p>
   </div>
   <div class='ocr_carea' id='block_1_13' title="bbox 350 1202 1936 1283">
    <p class='ocr_par' dir='ltr' id='par_1_13' title="bbox 350 1202 1936 1283">
     <span class='ocr_line' id='line_1_13' title="bbox 350 1202 1936 1283; baseline -0.007 -16"><span class='ocrx_word' id='word_1_63' title='bbox 350 1228 510 1283; x_wconf 78' lang='grc' dir='ltr'>μενος</span> <span class='ocrx_word' id='word_1_64' title='bbox 543 1227 558 1243; x_wconf 79' lang='grc'><strong>⁸</strong></span> <span class='ocrx_word' id='word_1_65' title='bbox 600 1211 630 1266; x_wconf 82' lang='grc' dir='ltr'><strong>ὁ</strong></span> <span class='ocrx_word' id='word_1_66' title='bbox 659 1211 755 1265; x_wconf 86' lang='grc' dir='ltr'><strong>τὸν</strong></span> <span class='ocrx_word' id='word_1_67' title='bbox 789 1208 963 1279; x_wconf 76' lang='grc' dir='ltr'>’Δδὰμ</span> <span class='ocrx_word' id='word_1_68' title='bbox 986 1208 1203 1271; x_wconf 79' lang='grc' dir='ltr'>πλάσας</span> <span class='ocrx_word' id='word_1_69' title='bbox 1233 1209 1302 1278; x_wconf 76' lang='grc' dir='ltr'>τῇ</span> <span class='ocrx_word' id='word_1_70' title='bbox 1325 1206 1470 1278; x_wconf 81' lang='grc' dir='ltr'>χειρί</span> <span class='ocrx_word' id='word_1_71' title='bbox 1501 1223 1622 1272; x_wconf 93' lang='grc' dir='ltr'>σου,</span> <span class='ocrx_word' id='word_1_72' title='bbox 1649 1205 1746 1259; x_wconf 73' lang='grc' dir='ltr'>καὶ</span> <span class='ocrx_word' id='word_1_73' title='bbox 1786 1202 1936 1273; x_wconf 79' lang='grc' dir='ltr'>αὐτῷ</span> 
     </span>
    </p>
   </div>
   <div class='ocr_carea' id='block_1_14' title="bbox 349 1294 1938 1376">
    <p class='ocr_par' dir='ltr' id='par_1_14' title="bbox 349 1294 1938 1376">
     <span class='ocr_line' id='line_1_14' title="bbox 349 1294 1938 1376; baseline 0.02 -49"><span class='ocrx_word' id='word_1_74' title='bbox 349 1303 494 1376; x_wconf 61' lang='grc' dir='ltr'><strong>ζωὴν</strong></span> <span class='ocrx_word' id='word_1_75' title='bbox 519 1301 697 1364; x_wconf 56' lang='grc' dir='ltr'><strong>ἐνθεὶς</strong></span> <span class='ocrx_word' id='word_1_76' title='bbox 724 1303 793 1372; x_wconf 67' lang='grc' dir='ltr'><strong>τῇ</strong></span> <span class='ocrx_word' id='word_1_77' title='bbox 827 1299 1103 1370; x_wconf 77' lang='grc' dir='ltr'>ζωηφόρῳ</span> <span class='ocrx_word' id='word_1_78' title='bbox 1135 1315 1230 1352; x_wconf 90' lang='grc' dir='ltr'><strong>σου</strong></span> <span class='ocrx_word' id='word_1_79' title='bbox 1265 1297 1560 1370; x_wconf 80' lang='grc' dir='ltr'><strong>προστάξει</strong></span> <span class='ocrx_word' id='word_1_80' title='bbox 1599 1297 1692 1351; x_wconf 68' lang='grc' dir='ltr'>καὶ</span> <span class='ocrx_word' id='word_1_81' title='bbox 1741 1299 1806 1350; x_wconf 81' lang='grc' dir='ltr'>ὲκ</span> <span class='ocrx_word' id='word_1_82' title='bbox 1836 1294 1938 1364; x_wconf 81' lang='grc' dir='ltr'><strong>τῆς</strong></span> 
     </span>
    </p>
   </div>
   <div class='ocr_carea' id='block_1_15' title="bbox 351 1389 1937 1464">
    <p class='ocr_par' dir='ltr' id='par_1_15' title="bbox 351 1389 1937 1464">
     <span class='ocr_line' id='line_1_15' title="bbox 351 1389 1937 1464; baseline -0.003 -18"><span class='ocrx_word' id='word_1_83' title='bbox 351 1393 598 1464; x_wconf 82' lang='grc' dir='ltr'>πλευρᾶς</span> <span class='ocrx_word' id='word_1_84' title='bbox 640 1390 808 1448; x_wconf 82' lang='grc' dir='ltr'>αὑτοῦ</span> <span class='ocrx_word' id='word_1_85' title='bbox 842 1389 1276 1462; x_wconf 83' lang='grc' dir='ltr'><strong>ἀνοικοδομήσας</strong></span> <span class='ocrx_word' id='word_1_86' title='bbox 1323 1390 1557 1458; x_wconf 85' lang='grc' dir='ltr'>γυναῖκα</span> <span class='ocrx_word' id='word_1_87' title='bbox 1585 1402 1600 1418; x_wconf 74' lang='grc'><strong><em>⁸</em></strong></span> <span class='ocrx_word' id='word_1_88' title='bbox 1632 1390 1660 1442; x_wconf 87' lang='grc' dir='ltr'>ὁ</span> <span class='ocrx_word' id='word_1_89' title='bbox 1701 1390 1768 1458; x_wconf 73' lang='grc' dir='ltr'><strong>τῇ</strong></span> <span class='ocrx_word' id='word_1_90' title='bbox 1797 1389 1937 1458; x_wconf 77' lang='grc' dir='ltr'><strong>σοφῇ</strong></span> 
     </span>
    </p>
   </div>
   <div class='ocr_carea' id='block_1_16' title="bbox 351 1475 1940 1552">
    <p class='ocr_par' dir='ltr' id='par_1_16' title="bbox 351 1475 1940 1552">
     <span class='ocr_line' id='line_1_16' title="bbox 351 1475 1940 1552; baseline -0.004 -18"><span class='ocrx_word' id='word_1_91' title='bbox 351 1498 446 1538; x_wconf 91' lang='grc' dir='ltr'><strong>σου</strong></span> <span class='ocrx_word' id='word_1_92' title='bbox 476 1480 697 1552; x_wconf 58' lang='grc' dir='ltr'>εὐδοκία</span> <span class='ocrx_word' id='word_1_93' title='bbox 729 1479 969 1550; x_wconf 77' lang='grc' dir='ltr'>ποιήσας</span> <span class='ocrx_word' id='word_1_94' title='bbox 999 1477 1150 1548; x_wconf 81' lang='grc' dir='ltr'>αὐτῷ</span> <span class='ocrx_word' id='word_1_95' title='bbox 1173 1477 1414 1546; x_wconf 80' lang='grc' dir='ltr'>,βοηθὸν</span> <span class='ocrx_word' id='word_1_96' title='bbox 1433 1476 1562 1531; x_wconf 81' lang='grc' dir='ltr'>κατ’</span> <span class='ocrx_word' id='word_1_97' title='bbox 1587 1475 1809 1542; x_wconf 77' lang='grc' dir='ltr'>αὐτόν,</span> <span class='ocrx_word' id='word_1_98' title='bbox 1843 1477 1940 1528; x_wconf 77' lang='grc' dir='ltr'>καὶ</span> 
     </span>
    </p>
   </div>
   <div class='ocr_carea' id='block_1_17' title="bbox 349 1565 1936 1638">
    <p class='ocr_par' dir='ltr' id='par_1_17' title="bbox 349 1565 1936 1638">
     <span class='ocr_line' id='line_1_17' title="bbox 349 1565 1936 1638; baseline -0.008 -8"><span class='ocrx_word' id='word_1_99' title='bbox 349 1575 430 1638; x_wconf 85' lang='grc' dir='ltr'><strong>εἰς</strong></span> <span class='ocrx_word' id='word_1_100' title='bbox 455 1572 514 1626; x_wconf 76' lang='grc' dir='ltr'>ἕν</span> <span class='ocrx_word' id='word_1_101' title='bbox 539 1575 669 1636; x_wconf 80' lang='grc' dir='ltr'>τοὺς</span> <span class='ocrx_word' id='word_1_102' title='bbox 695 1571 792 1624; x_wconf 86' lang='grc' dir='ltr'>δύο</span> <span class='ocrx_word' id='word_1_103' title='bbox 839 1569 1086 1638; x_wconf 80' lang='grc' dir='ltr'>συνάψας</span> <span class='ocrx_word' id='word_1_104' title='bbox 1115 1585 1129 1598; x_wconf 92' lang='grc'><strong>·</strong></span> <span class='ocrx_word' id='word_1_105' title='bbox 1171 1569 1453 1622; x_wconf 78' lang='grc' dir='ltr'>Ἔσονται</span> <span class='ocrx_word' id='word_1_106' title='bbox 1482 1569 1536 1622; x_wconf 81' lang='lat' dir='ltr'><strong>oi</strong></span> <span class='ocrx_word' id='word_1_107' title='bbox 1573 1568 1706 1631; x_wconf 82' lang='grc' dir='ltr'>δύο,</span> <span class='ocrx_word' id='word_1_108' title='bbox 1742 1565 1936 1629; x_wconf 79' lang='grc' dir='ltr'>εἰπὼν,</span> 
     </span>
    </p>
   </div>
   <div class='ocr_carea' id='block_1_18' title="bbox 349 1657 1940 1732">
    <p class='ocr_par' dir='ltr' id='par_1_18' title="bbox 349 1657 1940 1732">
     <span class='ocr_line' id='line_1_18' title="bbox 349 1657 1940 1732; baseline -0.006 -13"><span class='ocrx_word' id='word_1_109' title='bbox 349 1665 440 1732; x_wconf 80' lang='grc' dir='ltr'>εις</span> <span class='ocrx_word' id='word_1_110' title='bbox 467 1662 667 1732; x_wconf 76' lang='grc' dir='ltr'>σάρκα</span> <span class='ocrx_word' id='word_1_111' title='bbox 697 1662 848 1731; x_wconf 83' lang='grc' dir='ltr'>μίαν</span> <span class='ocrx_word' id='word_1_112' title='bbox 875 1676 892 1693; x_wconf 75' lang='grc' dir='ltr'><strong>ο</strong></span> <span class='ocrx_word' id='word_1_113' title='bbox 933 1662 962 1715; x_wconf 85' lang='grc' dir='ltr'>ὁ</span> <span class='ocrx_word' id='word_1_114' title='bbox 987 1658 1068 1730; x_wconf 79' lang='grc' dir='ltr'>τῷ</span> <span class='ocrx_word' id='word_1_115' title='bbox 1101 1657 1388 1730; x_wconf 81' lang='grc' dir='ltr'>Ἀϐραὰμ,</span> <span class='ocrx_word' id='word_1_116' title='bbox 1423 1659 1503 1730; x_wconf 79' lang='grc' dir='ltr'>τῷ</span> <span class='ocrx_word' id='word_1_117' title='bbox 1534 1658 1614 1730; x_wconf 79' lang='grc' dir='ltr'>σῷ</span> <span class='ocrx_word' id='word_1_118' title='bbox 1641 1657 1940 1728; x_wconf 80' lang='grc' dir='ltr'>θεράποντι</span> 
     </span>
    </p>
   </div>
   <div class='ocr_carea' id='block_1_19' title="bbox 2033 547 3618 628">
    <p class='ocr_par' dir='ltr' id='par_1_19' title="bbox 2033 547 3618 628">
     <span class='ocr_line' id='line_1_19' title="bbox 2033 547 3618 628; baseline -0.007 -16"><span class='ocrx_word' id='word_1_119' title='bbox 2033 558 2148 628; x_wconf 88' lang='lat' dir='ltr'><strong>ipsa</strong></span> <span class='ocrx_word' id='word_1_120' title='bbox 2181 567 2412 612; x_wconf 82' lang='lat' dir='ltr'><strong>naturae.</strong></span> <span class='ocrx_word' id='word_1_121' title='bbox 2451 559 2640 625; x_wconf 91' lang='lat' dir='ltr'><strong>Itaque</strong></span> <span class='ocrx_word' id='word_1_122' title='bbox 2670 555 2852 610; x_wconf 89' lang='lat' dir='ltr'><strong>mariti</strong></span> <span class='ocrx_word' id='word_1_123' title='bbox 2899 551 3285 607; x_wconf 86' lang='lat' dir='ltr'><strong>animadverso</strong></span> <span class='ocrx_word' id='word_1_124' title='bbox 3313 548 3366 602; x_wconf 89' lang='lat' dir='ltr'><strong>in</strong></span> <span class='ocrx_word' id='word_1_125' title='bbox 3395 547 3618 603; x_wconf 82' lang='lat' dir='ltr'><strong>devium</strong></span> 
     </span>
    </p>
   </div>
   <div class='ocr_carea' id='block_1_20' title="bbox 2033 640 3622 718">
    <p class='ocr_par' dir='ltr' id='par_1_20' title="bbox 2033 640 3622 718">
     <span class='ocr_line' id='line_1_20' title="bbox 2033 640 3622 718; baseline -0.004 -16"><span class='ocrx_word' id='word_1_126' title='bbox 2033 651 2214 705; x_wconf 87' lang='lat' dir='ltr'><strong>locum</strong></span> <span class='ocrx_word' id='word_1_127' title='bbox 2238 665 2483 717; x_wconf 85' lang='lat' dir='ltr'><strong>secessu,</strong></span> <span class='ocrx_word' id='word_1_128' title='bbox 2506 658 2771 718; x_wconf 89' lang='lat' dir='ltr'><strong>tanquam</strong></span> <span class='ocrx_word' id='word_1_129' title='bbox 2798 653 2980 702; x_wconf 86' lang='lat' dir='ltr'><strong>turtur</strong></span> <span class='ocrx_word' id='word_1_130' title='bbox 3007 653 3279 714; x_wconf 81' lang='lat' dir='ltr'><strong>appetens</strong></span> <span class='ocrx_word' id='word_1_131' title='bbox 3306 640 3622 698; x_wconf 75' lang='lat' dir='ltr'><strong>solitudinis</strong></span> 
     </span>
    </p>
   </div>
   <div class='ocr_carea' id='block_1_21' title="bbox 2035 733 3614 814">
    <p class='ocr_par' dir='ltr' id='par_1_21' title="bbox 2035 733 3614 814">
     <span class='ocr_line' id='line_1_21' title="bbox 2035 733 3614 814; baseline -0.007 -16"><span class='ocrx_word' id='word_1_132' title='bbox 2035 743 2089 798; x_wconf 90' lang='lat' dir='ltr'><strong>in</strong></span> <span class='ocrx_word' id='word_1_133' title='bbox 2119 743 2278 798; x_wconf 87' lang='lat' dir='ltr'><strong>horto</strong></span> <span class='ocrx_word' id='word_1_134' title='bbox 2301 760 2402 800; x_wconf 90' lang='lat' dir='ltr'><strong>suo</strong></span> <span class='ocrx_word' id='word_1_135' title='bbox 2421 743 2766 814; x_wconf 82' lang='lat' dir='ltr'><strong>supplicibus</strong></span> <span class='ocrx_word' id='word_1_136' title='bbox 2787 739 3200 810; x_wconf 85' lang='lat' dir='ltr'><strong>precationibus</strong></span> <span class='ocrx_word' id='word_1_137' title='bbox 3223 733 3493 792; x_wconf 90' lang='lat' dir='ltr'><strong>artiﬁcem</strong></span> <span class='ocrx_word' id='word_1_138' title='bbox 3531 749 3614 787; x_wconf 87' lang='lat' dir='ltr'><strong>re</strong></span> 
     </span>
    </p>
   </div>
   <div class='ocr_carea' id='block_1_22' title="bbox 2034 826 3628 906">
    <p class='ocr_par' dir='ltr' id='par_1_22' title="bbox 2034 826 3628 906">
     <span class='ocr_line' id='line_1_22' title="bbox 2034 826 3628 906; baseline -0.008 -14"><span class='ocrx_word' id='word_1_139' title='bbox 2034 851 2157 892; x_wconf 84' lang='lat' dir='ltr'><strong>rum</strong></span> <span class='ocrx_word' id='word_1_140' title='bbox 2205 845 2370 906; x_wconf 84' lang='lat' dir='ltr'><strong>atque</strong></span> <span class='ocrx_word' id='word_1_141' title='bbox 2410 835 2724 892; x_wconf 77' lang='lat' dir='ltr'><strong>effectorem</strong></span> <span class='ocrx_word' id='word_1_142' title='bbox 2766 835 2842 889; x_wconf 86' lang='lat' dir='ltr'><strong>ita</strong></span> <span class='ocrx_word' id='word_1_143' title='bbox 2885 831 3212 888; x_wconf 88' lang='lat' dir='ltr'><strong>obsecrabat</strong></span> <span class='ocrx_word' id='word_1_144' title='bbox 3261 848 3275 884; x_wconf 90' lang='lat'><strong>:</strong></span> <span class='ocrx_word' id='word_1_145' title='bbox 3309 827 3354 884; x_wconf 92' lang='grc'>0</span> <span class='ocrx_word' id='word_1_146' title='bbox 3395 826 3628 884; x_wconf 89' lang='lat' dir='ltr'><strong>Domine</strong></span> 
     </span>
    </p>
   </div>
   <div class='ocr_carea' id='block_1_23' title="bbox 2036 919 3620 996">
    <p class='ocr_par' dir='ltr' id='par_1_23' title="bbox 2036 919 3620 996">
     <span class='ocr_line' id='line_1_23' title="bbox 2036 919 3620 996; baseline -0.004 -18"><span class='ocrx_word' id='word_1_147' title='bbox 2036 926 2400 993; x_wconf 80' lang='lat' dir='ltr'><strong>exercituum,</strong></span> <span class='ocrx_word' id='word_1_148' title='bbox 2429 927 2520 996; x_wconf 83' lang='lat' dir='ltr'><strong>qui</strong></span> <span class='ocrx_word' id='word_1_149' title='bbox 2546 925 2691 980; x_wconf 85' lang='lat' dir='ltr'><strong>sedes</strong></span> <span class='ocrx_word' id='word_1_150' title='bbox 2723 940 2883 994; x_wconf 83' lang='lat' dir='ltr'><strong>super</strong></span> <span class='ocrx_word' id='word_1_151' title='bbox 2907 921 3196 978; x_wconf 82' lang='lat' dir='ltr'><strong>Cherubim</strong></span> <span class='ocrx_word' id='word_1_152' title='bbox 3225 920 3272 986; x_wconf 85' lang='grc'>⁸,</span> <span class='ocrx_word' id='word_1_153' title='bbox 3303 933 3466 990; x_wconf 86' lang='lat' dir='ltr'><strong>quem</strong></span> <span class='ocrx_word' id='word_1_154' title='bbox 3503 919 3620 990; x_wconf 84' lang='lat' dir='ltr'><strong>glo-</strong></span> 
     </span>
    </p>
   </div>
   <div class='ocr_carea' id='block_1_24' title="bbox 2038 1003 3627 1086">
    <p class='ocr_par' dir='ltr' id='par_1_24' title="bbox 2038 1003 3627 1086">
     <span class='ocr_line' id='line_1_24' title="bbox 2038 1003 3627 1086; baseline -0.004 -16"><span class='ocrx_word' id='word_1_155' title='bbox 2038 1003 2254 1070; x_wconf 74' lang='lat' dir='ltr'><strong>riﬁcant</strong></span> <span class='ocrx_word' id='word_1_156' title='bbox 2285 1015 2598 1086; x_wconf 85' lang='lat' dir='ltr'><strong>Seraphim,</strong></span> <span class='ocrx_word' id='word_1_157' title='bbox 2627 1015 2717 1071; x_wconf 89' lang='lat' dir='ltr'><strong>cui</strong></span> <span class='ocrx_word' id='word_1_158' title='bbox 2744 1021 2939 1086; x_wconf 86' lang='lat' dir='ltr'><strong>parent</strong></span> <span class='ocrx_word' id='word_1_159' title='bbox 2958 1013 3027 1068; x_wconf 90' lang='lat' dir='ltr'><strong>ad</strong></span> <span class='ocrx_word' id='word_1_160' title='bbox 3055 1011 3423 1067; x_wconf 86' lang='lat' dir='ltr'><strong>ministerium</strong></span> <span class='ocrx_word' id='word_1_161' title='bbox 3455 1025 3627 1080; x_wconf 59' lang='lat' dir='ltr'><strong>auge-2</strong></span> 
     </span>
    </p>
   </div>
   <div class='ocr_carea' id='block_1_25' title="bbox 1994 1097 3630 1174">
    <p class='ocr_par' dir='ltr' id='par_1_25' title="bbox 1994 1097 3630 1174">
     <span class='ocr_line' id='line_1_25' title="bbox 1994 1097 3630 1174; baseline -0.004 -12"><span class='ocrx_word' id='word_1_162' title='bbox 1994 1097 2214 1162; x_wconf 8' lang='lat' dir='ltr'><strong>llorum</strong></span> <span class='ocrx_word' id='word_1_163' title='bbox 2259 1107 2429 1162; x_wconf 79' lang='lat' dir='ltr'><strong>decies</strong></span> <span class='ocrx_word' id='word_1_164' title='bbox 2482 1107 2675 1162; x_wconf 79' lang='lat' dir='ltr'><strong>millies</strong></span> <span class='ocrx_word' id='word_1_165' title='bbox 2725 1117 2944 1162; x_wconf 83' lang='lat' dir='ltr'><strong>centena</strong></span> <span class='ocrx_word' id='word_1_166' title='bbox 2992 1105 3187 1170; x_wconf 81' lang='lat' dir='ltr'><strong>millia,</strong></span> <span class='ocrx_word' id='word_1_167' title='bbox 3240 1119 3402 1174; x_wconf 87' lang='lat' dir='ltr'><strong>quem</strong></span> <span class='ocrx_word' id='word_1_168' title='bbox 3453 1101 3630 1157; x_wconf 81' lang='lat' dir='ltr'><strong>millia</strong></span> 
     </span>
    </p>
   </div>
   <div class='ocr_carea' id='block_1_26' title="bbox 2041 1194 3632 1272">
    <p class='ocr_par' dir='ltr' id='par_1_26' title="bbox 2041 1194 3632 1272">
     <span class='ocr_line' id='line_1_26' title="bbox 2041 1194 3632 1272; baseline -0.002 -21"><span class='ocrx_word' id='word_1_169' title='bbox 2041 1198 2273 1272; x_wconf 81' lang='lat' dir='ltr'><strong>millium</strong></span> <span class='ocrx_word' id='word_1_170' title='bbox 2303 1200 2324 1231; x_wconf 73' lang='grc'><strong>³</strong></span> <span class='ocrx_word' id='word_1_171' title='bbox 2355 1199 2636 1272; x_wconf 75' lang='lat' dir='ltr'><strong>agminum</strong></span> <span class='ocrx_word' id='word_1_172' title='bbox 2675 1197 2996 1257; x_wconf 88' lang='lat' dir='ltr'><strong>collaudant</strong></span> <span class='ocrx_word' id='word_1_173' title='bbox 3027 1206 3080 1252; x_wconf 89' lang='lat' dir='ltr'><strong>et</strong></span> <span class='ocrx_word' id='word_1_174' title='bbox 3115 1205 3450 1251; x_wconf 82' lang='lat' dir='ltr'><strong>venerantur</strong></span> <span class='ocrx_word' id='word_1_175' title='bbox 3475 1236 3492 1261; x_wconf 93' lang='lat'><strong>,</strong></span> <span class='ocrx_word' id='word_1_176' title='bbox 3537 1194 3632 1265; x_wconf 86' lang='lat' dir='ltr'><strong>qui</strong></span> 
     </span>
    </p>
   </div>
   <div class='ocr_carea' id='block_1_27' title="bbox 2040 1289 3630 1360">
    <p class='ocr_par' dir='ltr' id='par_1_27' title="bbox 2040 1289 3630 1360">
     <span class='ocr_line' id='line_1_27' title="bbox 2040 1289 3630 1360; baseline -0.001 -16"><span class='ocrx_word' id='word_1_177' title='bbox 2040 1291 2308 1348; x_wconf 82' lang='lat' dir='ltr'><strong>Adamum</strong></span> <span class='ocrx_word' id='word_1_178' title='bbox 2358 1303 2450 1346; x_wconf 92' lang='lat' dir='ltr'><strong>tua</strong></span> <span class='ocrx_word' id='word_1_179' title='bbox 2499 1306 2666 1346; x_wconf 85' lang='lat' dir='ltr'><strong>manu</strong></span> <span class='ocrx_word' id='word_1_180' title='bbox 2713 1291 2960 1356; x_wconf 82' lang='lat' dir='ltr'><strong>tinxisti,</strong></span> <span class='ocrx_word' id='word_1_181' title='bbox 2996 1290 3211 1360; x_wconf 85' lang='lat' dir='ltr'><strong>ipsique</strong></span> <span class='ocrx_word' id='word_1_182' title='bbox 3257 1289 3428 1343; x_wconf 90' lang='lat' dir='ltr'><strong>vitam</strong></span> <span class='ocrx_word' id='word_1_183' title='bbox 3467 1289 3630 1358; x_wconf 80' lang='lat' dir='ltr'><strong>jussu</strong></span> 
     </span>
    </p>
   </div>
   <div class='ocr_carea' id='block_1_28' title="bbox 2041 1379 3629 1450">
    <p class='ocr_par' dir='ltr' id='par_1_28' title="bbox 2041 1379 3629 1450">
     <span class='ocr_line' id='line_1_28' title="bbox 2041 1379 3629 1450; baseline -0.002 -14"><span class='ocrx_word' id='word_1_184' title='bbox 2041 1390 2138 1436; x_wconf 85' lang='lat' dir='ltr'><strong>tuo</strong></span> <span class='ocrx_word' id='word_1_185' title='bbox 2187 1381 2404 1436; x_wconf 85' lang='lat' dir='ltr'><strong>vivilico</strong></span> <span class='ocrx_word' id='word_1_186' title='bbox 2453 1381 2718 1444; x_wconf 85' lang='lat' dir='ltr'><strong>indidisti,</strong></span> <span class='ocrx_word' id='word_1_187' title='bbox 2765 1391 2820 1436; x_wconf 82' lang='lat' dir='ltr'><strong>et</strong></span> <span class='ocrx_word' id='word_1_188' title='bbox 2867 1397 2934 1436; x_wconf 80' lang='lat' dir='ltr'><strong>ex</strong></span> <span class='ocrx_word' id='word_1_189' title='bbox 2975 1379 3094 1450; x_wconf 86' lang='lat' dir='ltr'><strong>ejus</strong></span> <span class='ocrx_word' id='word_1_190' title='bbox 3137 1380 3310 1436; x_wconf 79' lang='lat' dir='ltr'><strong>latere</strong></span> <span class='ocrx_word' id='word_1_191' title='bbox 3344 1379 3629 1435; x_wconf 85' lang='lat' dir='ltr'><strong>mulierem</strong></span> 
     </span>
    </p>
   </div>
   <div class='ocr_carea' id='block_1_29' title="bbox 2041 1471 3633 1544">
    <p class='ocr_par' dir='ltr' id='par_1_29' title="bbox 2041 1471 3633 1544">
     <span class='ocr_line' id='line_1_29' title="bbox 2041 1471 3633 1544; baseline -0.002 -16"><span class='ocrx_word' id='word_1_192' title='bbox 2041 1471 2346 1538; x_wconf 71' lang='lat' dir='ltr'><strong>tediﬁcasti,</strong></span> <span class='ocrx_word' id='word_1_193' title='bbox 2381 1474 2474 1544; x_wconf 89' lang='lat' dir='ltr'><strong>qui</strong></span> <span class='ocrx_word' id='word_1_194' title='bbox 2507 1489 2606 1543; x_wconf 90' lang='lat' dir='ltr'><strong>pro</strong></span> <span class='ocrx_word' id='word_1_195' title='bbox 2638 1483 2729 1529; x_wconf 89' lang='lat' dir='ltr'><strong>tua</strong></span> <span class='ocrx_word' id='word_1_196' title='bbox 2759 1472 2996 1544; x_wconf 84' lang='lat' dir='ltr'><strong>sapienti</strong></span> <span class='ocrx_word' id='word_1_197' title='bbox 3030 1471 3381 1528; x_wconf 84' lang='lat' dir='ltr'><strong>ordinatione</strong></span> <span class='ocrx_word' id='word_1_198' title='bbox 3413 1471 3633 1540; x_wconf 66' lang='lat' dir='ltr'><strong>adjutoo</strong></span> 
     </span>
    </p>
   </div>
   <div class='ocr_carea' id='block_1_30' title="bbox 2044 1563 3630 1636">
    <p class='ocr_par' dir='ltr' id='par_1_30' title="bbox 2044 1563 3630 1636">
     <span class='ocr_line' id='line_1_30' title="bbox 2044 1563 3630 1636; baseline 0 -20"><span class='ocrx_word' id='word_1_199' title='bbox 2044 1566 2183 1618; x_wconf 83' lang='lat' dir='ltr'><strong>rium</strong></span> <span class='ocrx_word' id='word_1_200' title='bbox 2211 1564 2314 1618; x_wconf 81' lang='lat' dir='ltr'><strong>sibi</strong></span> <span class='ocrx_word' id='word_1_201' title='bbox 2343 1564 2518 1619; x_wconf 84' lang='lat' dir='ltr'><strong>simile</strong></span> <span class='ocrx_word' id='word_1_202' title='bbox 2549 1566 2592 1597; x_wconf 86' lang='grc'><strong>¹⁰</strong></span> <span class='ocrx_word' id='word_1_203' title='bbox 2625 1565 2727 1636; x_wconf 84' lang='lat' dir='ltr'><strong>ipsi</strong></span> <span class='ocrx_word' id='word_1_204' title='bbox 2765 1564 2962 1628; x_wconf 82' lang='lat' dir='ltr'><strong>fecisti,</strong></span> <span class='ocrx_word' id='word_1_205' title='bbox 2997 1574 3050 1618; x_wconf 85' lang='lat' dir='ltr'><strong>et</strong></span> <span class='ocrx_word' id='word_1_206' title='bbox 3075 1563 3216 1619; x_wconf 81' lang='lat' dir='ltr'><strong>duos</strong></span> <span class='ocrx_word' id='word_1_207' title='bbox 3247 1563 3301 1618; x_wconf 93' lang='lat' dir='ltr'><strong>in</strong></span> <span class='ocrx_word' id='word_1_208' title='bbox 3335 1579 3504 1618; x_wconf 90' lang='lat' dir='ltr'><strong>unum</strong></span> <span class='ocrx_word' id='word_1_209' title='bbox 3533 1577 3630 1618; x_wconf 88' lang='lat' dir='ltr'><strong>co-</strong></span> 
     </span>
    </p>
   </div>
   <div class='ocr_carea' id='block_1_31' title="bbox 2045 1655 3630 1728">
    <p class='ocr_par' dir='ltr' id='par_1_31' title="bbox 2045 1655 3630 1728">
     <span class='ocr_line' id='line_1_31' title="bbox 2045 1655 3630 1728; baseline 0 -18"><span class='ocrx_word' id='word_1_210' title='bbox 2045 1657 2276 1728; x_wconf 88' lang='lat' dir='ltr'><strong>pulasti,</strong></span> <span class='ocrx_word' id='word_1_211' title='bbox 2307 1655 2479 1712; x_wconf 82' lang='lat' dir='ltr'><strong>Erunt</strong></span> <span class='ocrx_word' id='word_1_212' title='bbox 2511 1697 2527 1720; x_wconf 92' lang='lat'><strong>,</strong></span> <span class='ocrx_word' id='word_1_213' title='bbox 2559 1657 2850 1728; x_wconf 87' lang='lat' dir='ltr'><strong>inquiens,</strong></span> <span class='ocrx_word' id='word_1_214' title='bbox 2887 1657 2992 1711; x_wconf 83' lang='lat' dir='ltr'><strong>duo</strong></span> <span class='ocrx_word' id='word_1_215' title='bbox 3024 1657 3078 1712; x_wconf 87' lang='lat' dir='ltr'><strong>in</strong></span> <span class='ocrx_word' id='word_1_216' title='bbox 3113 1672 3327 1712; x_wconf 83' lang='lat' dir='ltr'><strong>carnem</strong></span> <span class='ocrx_word' id='word_1_217' title='bbox 3358 1673 3519 1710; x_wconf 86' lang='lat' dir='ltr'><strong>unam</strong></span> <span class='ocrx_word' id='word_1_218' title='bbox 3549 1657 3588 1688; x_wconf 83' lang='lat'>“</span> <span class='ocrx_word' id='word_1_219' title='bbox 3615 1697 3630 1721; x_wconf 93' lang='lat'><strong>,</strong></span> 
     </span>
    </p>
   </div>
   <div class='ocr_carea' id='block_1_32' title="bbox 350 1747 1945 1826">
    <p class='ocr_par' dir='ltr' id='par_1_32' title="bbox 350 1748 1943 1826">
     <span class='ocr_line' id='line_1_32' title="bbox 350 1748 1943 1826; baseline -0.006 -17"><span class='ocrx_word' id='word_1_220' title='bbox 350 1756 450 1810; x_wconf 76' lang='grc' dir='ltr'>καὶ</span> <span class='ocrx_word' id='word_1_221' title='bbox 481 1753 819 1826; x_wconf 79' lang='grc' dir='ltr'>πατριάρχῃ,</span> <span class='ocrx_word' id='word_1_222' title='bbox 854 1752 1248 1823; x_wconf 77' lang='grc' dir='ltr'>δωρησάμενος</span> <span class='ocrx_word' id='word_1_223' title='bbox 1278 1750 1392 1802; x_wconf 86' lang='grc' dir='ltr'>υίὸν</span> <span class='ocrx_word' id='word_1_224' title='bbox 1430 1749 1522 1802; x_wconf 79' lang='grc' dir='ltr'><strong>τὸν</strong></span> <span class='ocrx_word' id='word_1_225' title='bbox 1563 1750 1770 1810; x_wconf 80' lang='grc' dir='ltr'>Ἰσαὰκ,</span> <span class='ocrx_word' id='word_1_226' title='bbox 1803 1748 1943 1818; x_wconf 87' lang='grc' dir='ltr'><strong>μετά</strong></span> 
     </span>
    </p>
   </div>
   <div class='ocr_carea' id='block_1_33' title="bbox 2049 1747 3630 1826">
    <p class='ocr_par' dir='ltr' id='par_1_33' title="bbox 2049 1747 3630 1820">
     <span class='ocr_line' id='line_1_33' title="bbox 2049 1747 3630 1820; baseline 0 -18"><span class='ocrx_word' id='word_1_227' title='bbox 2049 1749 2146 1819; x_wconf 88' lang='lat' dir='ltr'><strong>qui</strong></span> <span class='ocrx_word' id='word_1_228' title='bbox 2200 1747 2516 1806; x_wconf 84' lang='lat' dir='ltr'><strong>Abrahamo</strong></span> <span class='ocrx_word' id='word_1_229' title='bbox 2552 1764 2714 1804; x_wconf 87' lang='lat' dir='ltr'><strong>servo</strong></span> <span class='ocrx_word' id='word_1_230' title='bbox 2758 1759 2852 1805; x_wconf 93' lang='lat' dir='ltr'><strong>tuo</strong></span> <span class='ocrx_word' id='word_1_231' title='bbox 2885 1758 2941 1804; x_wconf 88' lang='lat' dir='ltr'><strong>et</strong></span> <span class='ocrx_word' id='word_1_232' title='bbox 2972 1750 3301 1820; x_wconf 74' lang='lat' dir='ltr'><strong>patriarcha:</strong></span> <span class='ocrx_word' id='word_1_233' title='bbox 3333 1749 3532 1805; x_wconf 89' lang='lat' dir='ltr'><strong>dedisti</strong></span> <span class='ocrx_word' id='word_1_234' title='bbox 3563 1748 3630 1802; x_wconf 83' lang='lat' dir='ltr'><strong>ﬁ-</strong></span> 
     </span>
    </p>
   </div>
   <div class='ocr_carea' id='block_1_34' title="bbox 352 1824 1945 1919">
    <p class='ocr_par' dir='ltr' id='par_1_34' title="bbox 352 1824 1942 1919">
     <span class='ocr_line' id='line_1_34' title="bbox 352 1824 1942 1919; baseline 0.003 0"><span class='ocrx_word' id='word_1_235' title='bbox 352 1848 531 1919; x_wconf 81' lang='grc' dir='ltr'>γῆρας</span> <span class='ocrx_word' id='word_1_236' title='bbox 561 1824 658 1900; x_wconf 77' lang='grc' dir='ltr'>καὶ</span> <span class='ocrx_word' id='word_1_237' title='bbox 685 1824 828 1917; x_wconf 74' lang='grc' dir='ltr'><strong>μετά</strong></span> <span class='ocrx_word' id='word_1_238' title='bbox 849 1848 946 1916; x_wconf 81' lang='grc' dir='ltr'>τὴν</span> <span class='ocrx_word' id='word_1_239' title='bbox 968 1843 1256 1914; x_wconf 74' lang='grc' dir='ltr'>πείρωσιν</span> <span class='ocrx_word' id='word_1_240' title='bbox 1274 1843 1375 1912; x_wconf 82' lang='grc' dir='ltr'><strong>τῆς</strong></span> <span class='ocrx_word' id='word_1_241' title='bbox 1397 1841 1638 1914; x_wconf 47' lang='lat' dir='ltr'><strong>Edisse</strong></span> <span class='ocrx_word' id='word_1_242' title='bbox 1669 1842 1766 1894; x_wconf 61' lang='grc' dir='ltr'><strong>καὶ</strong></span> <span class='ocrx_word' id='word_1_243' title='bbox 1787 1841 1942 1912; x_wconf 58' lang='grc' dir='ltr'>π’λιίν</span> 
     </span>
    </p>
   </div>
   <div class='ocr_carea' id='block_1_35' title="bbox 2049 1824 3692 1919">
    <p class='ocr_par' dir='ltr' id='par_1_35' title="bbox 2049 1839 3692 1912">
     <span class='ocr_line' id='line_1_35' title="bbox 2049 1839 3692 1912; baseline -0.001 -17"><span class='ocrx_word' id='word_1_244' title='bbox 2049 1841 2184 1897; x_wconf 90' lang='lat' dir='ltr'><strong>lium</strong></span> <span class='ocrx_word' id='word_1_245' title='bbox 2216 1841 2370 1895; x_wconf 89' lang='lat' dir='ltr'><strong>illum</strong></span> <span class='ocrx_word' id='word_1_246' title='bbox 2396 1839 2644 1896; x_wconf 88' lang='lat' dir='ltr'><strong>lsaacum</strong></span> <span class='ocrx_word' id='word_1_247' title='bbox 2668 1853 2792 1912; x_wconf 90' lang='lat' dir='ltr'><strong>post</strong></span> <span class='ocrx_word' id='word_1_248' title='bbox 2817 1850 3157 1898; x_wconf 81' lang='lat' dir='ltr'><strong>senectutem</strong></span> <span class='ocrx_word' id='word_1_249' title='bbox 3190 1855 3257 1896; x_wconf 88' lang='lat' dir='ltr'><strong>ac</strong></span> <span class='ocrx_word' id='word_1_250' title='bbox 3287 1841 3632 1897; x_wconf 82' lang='lat' dir='ltr'><strong>sterilitatem</strong></span> <span class='ocrx_word' id='word_1_251' title='bbox 3683 1854 3692 1864; x_wconf 72' lang='lat'>‘</span> 
     </span>
    </p>
   </div>
   <div class='ocr_carea' id='block_1_36' title="bbox 355 1931 1945 2006">
    <p class='ocr_par' dir='ltr' id='par_1_36' title="bbox 355 1931 1942 2006">
     <span class='ocr_line' id='line_1_36' title="bbox 355 1931 1942 2006; baseline -0.007 -12"><span class='ocrx_word' id='word_1_252' title='bbox 355 1957 458 2005; x_wconf 87' lang='grc' dir='ltr'><strong>σας</strong></span> <span class='ocrx_word' id='word_1_253' title='bbox 511 1941 676 1996; x_wconf 84' lang='grc' dir='ltr'>αὐτδν</span> <span class='ocrx_word' id='word_1_254' title='bbox 719 1937 934 2002; x_wconf 78' lang='grc' dir='ltr'>πολλῶν</span> <span class='ocrx_word' id='word_1_255' title='bbox 981 1936 1151 1994; x_wconf 75' lang='grc' dir='ltr'>ἐθνῶν</span> <span class='ocrx_word' id='word_1_256' title='bbox 1189 1935 1450 2006; x_wconf 82' lang='grc' dir='ltr'>πατέρα·</span> <span class='ocrx_word' id='word_1_257' title='bbox 1499 1937 1528 1988; x_wconf 86' lang='grc' dir='ltr'>ὁ</span> <span class='ocrx_word' id='word_1_258' title='bbox 1561 1935 1628 2005; x_wconf 78' lang='grc' dir='ltr'>τῇ</span> <span class='ocrx_word' id='word_1_259' title='bbox 1661 1931 1942 2003; x_wconf 81' lang='grc' dir='ltr'><strong>ὁμωνύμῳ</strong></span> 
     </span>
    </p>
   </div>
   <div class='ocr_carea' id='block_1_37' title="bbox 2049 1931 3636 2006">
    <p class='ocr_par' dir='ltr' id='par_1_37' title="bbox 2050 1933 3636 2006">
     <span class='ocr_line' id='line_1_37' title="bbox 2050 1933 3636 2006; baseline -0.001 -18"><span class='ocrx_word' id='word_1_260' title='bbox 2050 1933 2203 1991; x_wconf 74' lang='lat' dir='ltr'><strong>Sarte</strong></span> <span class='ocrx_word' id='word_1_261' title='bbox 2228 1976 2244 2001; x_wconf 94' lang='lat'><strong>,</strong></span> <span class='ocrx_word' id='word_1_262' title='bbox 2270 1935 2635 2006; x_wconf 87' lang='lat' dir='ltr'><strong>eumdemque</strong></span> <span class='ocrx_word' id='word_1_263' title='bbox 2671 1933 2906 1992; x_wconf 78' lang='lat' dir='ltr'><strong>ellecisti</strong></span> <span class='ocrx_word' id='word_1_264' title='bbox 2945 1944 3156 2006; x_wconf 80' lang='lat' dir='ltr'><strong>patrem</strong></span> <span class='ocrx_word' id='word_1_265' title='bbox 3181 1935 3479 1990; x_wconf 87' lang='lat' dir='ltr'><strong>multarum</strong></span> <span class='ocrx_word' id='word_1_266' title='bbox 3505 1949 3636 2005; x_wconf 81' lang='lat' dir='ltr'><strong>gen-</strong></span> 
     </span>
    </p>
   </div>
   <div class='ocr_carea' id='block_1_38' title="bbox 351 2022 1945 2104">
    <p class='ocr_par' dir='ltr' id='par_1_38' title="bbox 351 2023 1945 2104">
     <span class='ocr_line' id='line_1_38' title="bbox 351 2023 1945 2104; baseline -0.008 -17"><span class='ocrx_word' id='word_1_267' title='bbox 351 2033 452 2088; x_wconf 78' lang='grc' dir='ltr'>καὶ</span> <span class='ocrx_word' id='word_1_268' title='bbox 503 2031 762 2103; x_wconf 80' lang='grc' dir='ltr'>ὁμοφύλῳ</span> <span class='ocrx_word' id='word_1_269' title='bbox 802 2047 894 2102; x_wconf 86' lang='grc' dir='ltr'>μοι</span> <span class='ocrx_word' id='word_1_270' title='bbox 922 2031 1094 2104; x_wconf 81' lang='grc' dir='ltr'><strong>Ἀννῃ</strong></span> <span class='ocrx_word' id='word_1_271' title='bbox 1133 2028 1502 2101; x_wconf 82' lang='grc' dir='ltr'>χαρισάμενος</span> <span class='ocrx_word' id='word_1_272' title='bbox 1533 2027 1623 2080; x_wconf 78' lang='grc' dir='ltr'><strong>τὸν</strong></span> <span class='ocrx_word' id='word_1_273' title='bbox 1658 2023 1945 2078; x_wconf 85' lang='grc' dir='ltr'>κάλλιστον</span> 
     </span>
    </p>
   </div>
   <div class='ocr_carea' id='block_1_39' title="bbox 2049 2022 3633 2104">
    <p class='ocr_par' dir='ltr' id='par_1_39' title="bbox 2049 2022 3633 2100">
     <span class='ocr_line' id='line_1_39' title="bbox 2049 2022 3633 2100; baseline -0.001 -19"><span class='ocrx_word' id='word_1_274' title='bbox 2049 2026 2206 2091; x_wconf 91' lang='lat' dir='ltr'><strong>tium,</strong></span> <span class='ocrx_word' id='word_1_275' title='bbox 2239 2026 2334 2100; x_wconf 91' lang='lat' dir='ltr'><strong>qui</strong></span> <span class='ocrx_word' id='word_1_276' title='bbox 2367 2022 2876 2099; x_wconf 61' lang='lat' dir='ltr'><strong>Aunaa&#39;cognomim</strong></span> <span class='ocrx_word' id='word_1_277' title='bbox 2903 2041 2959 2082; x_wconf 85' lang='lat' dir='ltr'><strong>et</strong></span> <span class='ocrx_word' id='word_1_278' title='bbox 2985 2025 3171 2082; x_wconf 87' lang='lat' dir='ltr'><strong>tribuli</strong></span> <span class='ocrx_word' id='word_1_279' title='bbox 3211 2040 3347 2099; x_wconf 77' lang='lat' dir='ltr'><strong>meae</strong></span> <span class='ocrx_word' id='word_1_280' title='bbox 3373 2025 3633 2096; x_wconf 90' lang='lat' dir='ltr'><strong>pulcher-</strong></span> 
     </span>
    </p>
   </div>
   <div class='ocr_carea' id='block_1_40' title="bbox 353 2115 1945 2194">
    <p class='ocr_par' dir='ltr' id='par_1_40' title="bbox 353 2115 1944 2194">
     <span class='ocr_line' id='line_1_40' title="bbox 353 2115 1944 2194; baseline -0.006 -16"><span class='ocrx_word' id='word_1_281' title='bbox 353 2124 520 2178; x_wconf 78' lang='grc' dir='ltr'>παῖδα</span> <span class='ocrx_word' id='word_1_282' title='bbox 549 2124 644 2177; x_wconf 79' lang='grc' dir='ltr'>καὶ</span> <span class='ocrx_word' id='word_1_283' title='bbox 675 2121 827 2194; x_wconf 80' lang='grc' dir='ltr'>ίερδν</span> <span class='ocrx_word' id='word_1_284' title='bbox 854 2121 1112 2193; x_wconf 79' lang='grc' dir='ltr'>Σαμουὴλ</span> <span class='ocrx_word' id='word_1_285' title='bbox 1135 2161 1150 2186; x_wconf 93' lang='grc'><strong>,</strong></span> <span class='ocrx_word' id='word_1_286' title='bbox 1187 2119 1266 2184; x_wconf 83' lang='grc' dir='ltr'><strong>ὡς</strong></span> <span class='ocrx_word' id='word_1_287' title='bbox 1294 2117 1573 2174; x_wconf 82' lang='grc' dir='ltr'><strong>θεόσδοτον</strong></span> <span class='ocrx_word' id='word_1_288' title='bbox 1603 2117 1771 2188; x_wconf 80' lang='grc' dir='ltr'><strong>εὐχῆς</strong></span> <span class='ocrx_word' id='word_1_289' title='bbox 1807 2115 1944 2180; x_wconf 79' lang='grc' dir='ltr'>υἱὸν,</span> 
     </span>
    </p>
   </div>
   <div class='ocr_carea' id='block_1_41' title="bbox 2049 2115 3632 2194">
    <p class='ocr_par' dir='ltr' id='par_1_41' title="bbox 2049 2116 3632 2190">
     <span class='ocr_line' id='line_1_41' title="bbox 2049 2116 3632 2190; baseline 0 -18"><span class='ocrx_word' id='word_1_290' title='bbox 2049 2119 2251 2174; x_wconf 90' lang='lat' dir='ltr'><strong>rimum</strong></span> <span class='ocrx_word' id='word_1_291' title='bbox 2282 2128 2337 2174; x_wconf 91' lang='lat' dir='ltr'><strong>et</strong></span> <span class='ocrx_word' id='word_1_292' title='bbox 2364 2133 2586 2176; x_wconf 85' lang='lat' dir='ltr'><strong>sacrum</strong></span> <span class='ocrx_word' id='word_1_293' title='bbox 2622 2134 2855 2190; x_wconf 89' lang='lat' dir='ltr'><strong>puerum</strong></span> <span class='ocrx_word' id='word_1_294' title='bbox 2883 2117 3106 2174; x_wconf 89' lang='lat' dir='ltr'><strong>donasti</strong></span> <span class='ocrx_word' id='word_1_295' title='bbox 3147 2116 3481 2185; x_wconf 88' lang='lat' dir='ltr'><strong>Samuelem,</strong></span> <span class='ocrx_word' id='word_1_296' title='bbox 3513 2117 3632 2174; x_wconf 85' lang='lat' dir='ltr'><strong>vel-</strong></span> 
     </span>
    </p>
   </div>
   <div class='ocr_carea' id='block_1_42' title="bbox 352 2208 1945 2285">
    <p class='ocr_par' dir='ltr' id='par_1_42' title="bbox 352 2208 1945 2285">
     <span class='ocr_line' id='line_1_42' title="bbox 352 2208 1945 2285; baseline -0.004 -15"><span class='ocrx_word' id='word_1_297' title='bbox 352 2217 450 2270; x_wconf 74' lang='grc' dir='ltr'>καὶ</span> <span class='ocrx_word' id='word_1_298' title='bbox 464 2214 558 2270; x_wconf 82' lang='grc' dir='ltr'>τοῦ</span> <span class='ocrx_word' id='word_1_299' title='bbox 573 2215 807 2285; x_wconf 75' lang='grc' dir='ltr'>ψεύδους</span> <span class='ocrx_word' id='word_1_300' title='bbox 823 2215 920 2269; x_wconf 66' lang='grc' dir='ltr'><strong>καὶ⁵</strong></span> <span class='ocrx_word' id='word_1_301' title='bbox 940 2213 1136 2285; x_wconf 88' lang='grc' dir='ltr'>μίσους</span> <span class='ocrx_word' id='word_1_302' title='bbox 1158 2210 1430 2285; x_wconf 79' lang='grc' dir='ltr'>θρίαμϐον</span> <span class='ocrx_word' id='word_1_303' title='bbox 1455 2227 1470 2243; x_wconf 88' lang='grc'><strong>·</strong></span> <span class='ocrx_word' id='word_1_304' title='bbox 1496 2208 1666 2264; x_wconf 73' lang='grc' dir='ltr'>ἔπιδε</span> <span class='ocrx_word' id='word_1_305' title='bbox 1686 2208 1752 2274; x_wconf 72' lang='grc' dir='ltr'><strong>ἐξ</strong></span> <span class='ocrx_word' id='word_1_306' title='bbox 1772 2208 1945 2279; x_wconf 73' lang='grc' dir='ltr'>ἁγίου</span> 
     </span>
    </p>
   </div>
   <div class='ocr_carea' id='block_1_43' title="bbox 2049 2208 3636 2285">
    <p class='ocr_par' dir='ltr' id='par_1_43' title="bbox 2051 2209 3636 2282">
     <span class='ocr_line' id='line_1_43' title="bbox 2051 2209 3636 2282; baseline 0 -18"><span class='ocrx_word' id='word_1_307' title='bbox 2051 2210 2131 2264; x_wconf 88' lang='lat' dir='ltr'><strong>uti</strong></span> <span class='ocrx_word' id='word_1_308' title='bbox 2209 2209 2381 2268; x_wconf 83' lang='lat' dir='ltr'><strong>ﬁlium</strong></span> <span class='ocrx_word' id='word_1_309' title='bbox 2440 2210 2498 2270; x_wconf 86' lang='lat' dir='ltr'><strong>in</strong></span> <span class='ocrx_word' id='word_1_310' title='bbox 2563 2209 3033 2282; x_wconf 81' lang='lat' dir='ltr'><strong>supplicationum</strong></span> <span class='ocrx_word' id='word_1_311' title='bbox 3087 2209 3320 2280; x_wconf 83' lang='lat' dir='ltr'><strong>gratiam</strong></span> <span class='ocrx_word' id='word_1_312' title='bbox 3373 2209 3636 2266; x_wconf 88' lang='lat' dir='ltr'><strong>divinitus</strong></span> 
     </span>
    </p>
   </div>
   <div class='ocr_carea' id='block_1_44' title="bbox 352 2300 1951 2377">
    <p class='ocr_par' dir='ltr' id='par_1_44' title="bbox 352 2300 1951 2377">
     <span class='ocr_line' id='line_1_44' title="bbox 352 2300 1951 2377; baseline -0.006 -14"><span class='ocrx_word' id='word_1_313' title='bbox 352 2324 472 2364; x_wconf 86' lang='grc' dir='ltr'><strong>σου</strong></span> <span class='ocrx_word' id='word_1_314' title='bbox 511 2312 1003 2377; x_wconf 75' lang='grc' dir='ltr'>κατοικητηρίου,</span> <span class='ocrx_word' id='word_1_315' title='bbox 1033 2303 1297 2374; x_wconf 68' lang='grc' dir='ltr'>’Ὕψιστῆ</span> <span class='ocrx_word' id='word_1_316' title='bbox 1321 2302 1420 2356; x_wconf 74' lang='grc' dir='ltr'>καὶ</span> <span class='ocrx_word' id='word_1_317' title='bbox 1455 2300 1668 2370; x_wconf 77' lang='grc' dir='ltr'>ἄνοιξόν</span> <span class='ocrx_word' id='word_1_318' title='bbox 1719 2317 1810 2372; x_wconf 86' lang='grc' dir='ltr'>μοι</span> <span class='ocrx_word' id='word_1_319' title='bbox 1849 2300 1951 2369; x_wconf 83' lang='grc' dir='ltr'>τὴν</span> 
     </span>
    </p>
   </div>
   <div class='ocr_carea' id='block_1_45' title="bbox 353 2385 1948 2469">
    <p class='ocr_par' dir='ltr' id='par_1_45' title="bbox 353 2385 1948 2469">
     <span class='ocr_line' id='line_1_45' title="bbox 353 2385 1948 2469; baseline -0.006 -19"><span class='ocrx_word' id='word_1_320' title='bbox 353 2399 570 2469; x_wconf 86' lang='grc' dir='ltr'>μήτραν</span> <span class='ocrx_word' id='word_1_321' title='bbox 601 2395 738 2468; x_wconf 76' lang='grc' dir='ltr'>πρὸς</span> <span class='ocrx_word' id='word_1_322' title='bbox 765 2392 1117 2462; x_wconf 76' lang='grc' dir='ltr'>παιδογονίαν</span> <span class='ocrx_word' id='word_1_323' title='bbox 1133 2409 1150 2424; x_wconf 78' lang='grc' dir='ltr'><strong>ο</strong></span> <span class='ocrx_word' id='word_1_324' title='bbox 1173 2391 1364 2458; x_wconf 58' lang='lat' dir='ltr'><strong>amem</strong></span> <span class='ocrx_word' id='word_1_325' title='bbox 1397 2405 1501 2462; x_wconf 87' lang='grc' dir='ltr'>μου</span> <span class='ocrx_word' id='word_1_326' title='bbox 1522 2387 1622 2460; x_wconf 82' lang='grc' dir='ltr'>τὴν</span> <span class='ocrx_word' id='word_1_327' title='bbox 1643 2387 1826 2458; x_wconf 77' lang='grc' dir='ltr'>λύπην</span> <span class='ocrx_word' id='word_1_328' title='bbox 1847 2385 1948 2456; x_wconf 82' lang='grc' dir='ltr'>τῆς</span> 
     </span>
    </p>
   </div>
   <div class='ocr_carea' id='block_1_46' title="bbox 351 2479 1948 2562">
    <p class='ocr_par' dir='ltr' id='par_1_46' title="bbox 351 2479 1948 2562">
     <span class='ocr_line' id='line_1_46' title="bbox 351 2479 1948 2562; baseline -0.009 -19"><span class='ocrx_word' id='word_1_329' title='bbox 351 2488 725 2562; x_wconf 64' lang='grc' dir='ltr'>πυρώσεως,</span> <span class='ocrx_word' id='word_1_330' title='bbox 769 2486 862 2540; x_wconf 74' lang='grc' dir='ltr'>καὶ</span> <span class='ocrx_word' id='word_1_331' title='bbox 901 2485 1199 2560; x_wconf 78' lang='grc' dir='ltr'>διάρρηξόν</span> <span class='ocrx_word' id='word_1_332' title='bbox 1244 2501 1346 2555; x_wconf 89' lang='grc' dir='ltr'>μου</span> <span class='ocrx_word' id='word_1_333' title='bbox 1384 2483 1453 2535; x_wconf 80' lang='grc' dir='ltr'>τὰ</span> <span class='ocrx_word' id='word_1_334' title='bbox 1489 2481 1667 2551; x_wconf 83' lang='grc' dir='ltr'>δεσμά</span> <span class='ocrx_word' id='word_1_335' title='bbox 1699 2481 1800 2550; x_wconf 77' lang='grc' dir='ltr'>τῆς</span> <span class='ocrx_word' id='word_1_336' title='bbox 1829 2479 1948 2532; x_wconf 79' lang='grc' dir='ltr'>ἀτε-</span> 
     </span>
    </p>
   </div>
   <div class='ocr_carea' id='block_1_47' title="bbox 351 2571 1946 2650">
    <p class='ocr_par' dir='ltr' id='par_1_47' title="bbox 351 2571 1946 2650">
     <span class='ocr_line' id='line_1_47' title="bbox 351 2571 1946 2650; baseline -0.008 -15"><span class='ocrx_word' id='word_1_337' title='bbox 351 2581 536 2648; x_wconf 86' lang='grc' dir='ltr'>κνίας,</span> <span class='ocrx_word' id='word_1_338' title='bbox 591 2581 740 2644; x_wconf 79' lang='grc' dir='ltr'>ὅπως</span> <span class='ocrx_word' id='word_1_339' title='bbox 793 2579 857 2632; x_wconf 83' lang='grc' dir='ltr'>τὸ</span> <span class='ocrx_word' id='word_1_340' title='bbox 889 2577 1294 2650; x_wconf 85' lang='grc' dir='ltr'>γεννησόμενον</span> <span class='ocrx_word' id='word_1_341' title='bbox 1339 2576 1404 2628; x_wconf 81' lang='grc' dir='ltr'>ὲκ</span> <span class='ocrx_word' id='word_1_342' title='bbox 1453 2573 1556 2642; x_wconf 80' lang='grc' dir='ltr'>τῆς</span> <span class='ocrx_word' id='word_1_343' title='bbox 1605 2571 1800 2644; x_wconf 81' lang='grc' dir='ltr'>δούλης</span> <span class='ocrx_word' id='word_1_344' title='bbox 1851 2587 1946 2624; x_wconf 87' lang='grc' dir='ltr'><strong>σου</strong></span> 
     </span>
    </p>
   </div>
   <div class='ocr_carea' id='block_1_48' title="bbox 350 2664 1948 2744">
    <p class='ocr_par' dir='ltr' id='par_1_48' title="bbox 350 2664 1948 2744">
     <span class='ocr_line' id='line_1_48' title="bbox 350 2664 1948 2744; baseline -0.006 -18"><span class='ocrx_word' id='word_1_345' title='bbox 350 2673 682 2744; x_wconf 80' lang='grc' dir='ltr'>βλάστημα,</span> <span class='ocrx_word' id='word_1_346' title='bbox 717 2673 830 2726; x_wconf 75' lang='grc' dir='ltr'>εἴτε</span> <span class='ocrx_word' id='word_1_347' title='bbox 879 2671 1072 2742; x_wconf 83' lang='grc' dir='ltr'>ἄρσεν,</span> <span class='ocrx_word' id='word_1_348' title='bbox 1111 2668 1224 2722; x_wconf 75' lang='grc' dir='ltr'>εἴτε</span> <span class='ocrx_word' id='word_1_349' title='bbox 1252 2666 1422 2738; x_wconf 80' lang='grc' dir='ltr'>θῆλυ,</span> <span class='ocrx_word' id='word_1_350' title='bbox 1469 2665 1642 2738; x_wconf 87' lang='grc' dir='ltr'>δῶρον</span> <span class='ocrx_word' id='word_1_351' title='bbox 1687 2664 1948 2736; x_wconf 78' lang='grc' dir='ltr'>προσάξω</span> 
     </span>
    </p>
   </div>
   <div class='ocr_carea' id='block_1_49' title="bbox 349 2756 1945 2836">
    <p class='ocr_par' dir='ltr' id='par_1_49' title="bbox 349 2756 1945 2836">
     <span class='ocr_line' id='line_1_49' title="bbox 349 2756 1945 2836; baseline -0.006 -18"><span class='ocrx_word' id='word_1_352' title='bbox 349 2783 462 2831; x_wconf 83' lang='grc' dir='ltr'>σοι,</span> <span class='ocrx_word' id='word_1_353' title='bbox 501 2765 578 2828; x_wconf 84' lang='grc' dir='ltr'><strong>ὡς</strong></span> <span class='ocrx_word' id='word_1_354' title='bbox 629 2763 884 2836; x_wconf 84' lang='grc' dir='ltr'>θυμίαμα</span> <span class='ocrx_word' id='word_1_355' title='bbox 911 2763 1108 2826; x_wconf 79' lang='grc' dir='ltr'>εὑῶδες</span> <span class='ocrx_word' id='word_1_356' title='bbox 1133 2803 1148 2827; x_wconf 90' lang='grc'><strong>,</strong></span> <span class='ocrx_word' id='word_1_357' title='bbox 1177 2761 1253 2826; x_wconf 85' lang='grc' dir='ltr'><strong>ὡς</strong></span> <span class='ocrx_word' id='word_1_358' title='bbox 1285 2758 1534 2830; x_wconf 84' lang='grc' dir='ltr'>καθαρὰν</span> <span class='ocrx_word' id='word_1_359' title='bbox 1584 2756 1902 2830; x_wconf 81' lang='grc' dir='ltr'>προσφορὰν</span> <span class='ocrx_word' id='word_1_360' title='bbox 1930 2796 1945 2821; x_wconf 91' lang='grc'><strong>,</strong></span> 
     </span>
    </p>
   </div>
   <div class='ocr_carea' id='block_1_50' title="bbox 347 2847 1948 2926">
    <p class='ocr_par' dir='ltr' id='par_1_50' title="bbox 347 2847 1948 2926">
     <span class='ocr_line' id='line_1_50' title="bbox 347 2847 1948 2926; baseline -0.009 -16"><span class='ocrx_word' id='word_1_361' title='bbox 347 2855 428 2920; x_wconf 82' lang='grc' dir='ltr'><strong>ὡς</strong></span> <span class='ocrx_word' id='word_1_362' title='bbox 451 2855 632 2926; x_wconf 88' lang='grc' dir='ltr'>τίμιον</span> <span class='ocrx_word' id='word_1_363' title='bbox 661 2855 854 2925; x_wconf 87' lang='grc' dir='ltr'>δῶρον,</span> <span class='ocrx_word' id='word_1_364' title='bbox 887 2854 964 2916; x_wconf 85' lang='grc' dir='ltr'><strong>ὡς</strong></span> <span class='ocrx_word' id='word_1_365' title='bbox 998 2851 1144 2924; x_wconf 74' lang='grc' dir='ltr'>ἱερὸν</span> <span class='ocrx_word' id='word_1_366' title='bbox 1177 2849 1458 2920; x_wconf 82' lang='grc' dir='ltr'>ἀνάθημα,</span> <span class='ocrx_word' id='word_1_367' title='bbox 1488 2847 1565 2909; x_wconf 83' lang='grc' dir='ltr'><strong>ὡς</strong></span> <span class='ocrx_word' id='word_1_368' title='bbox 1596 2847 1740 2900; x_wconf 88' lang='grc' dir='ltr'>θεῖον</span> <span class='ocrx_word' id='word_1_369' title='bbox 1768 2863 1948 2899; x_wconf 75' lang='grc' dir='ltr'>κατοιιο</span> 
     </span>
    </p>
   </div>
   <div class='ocr_carea' id='block_1_51' title="bbox 349 2939 1944 3022">
    <p class='ocr_par' dir='ltr' id='par_1_51' title="bbox 349 2939 1944 3022">
     <span class='ocr_line' id='line_1_51' title="bbox 349 2939 1944 3022; baseline -0.007 -18"><span class='ocrx_word' id='word_1_370' title='bbox 349 2951 660 3022; x_wconf 81' lang='grc' dir='ltr'>κητήριον,</span> <span class='ocrx_word' id='word_1_371' title='bbox 707 2950 782 3014; x_wconf 83' lang='grc' dir='ltr'>ὡς</span> <span class='ocrx_word' id='word_1_372' title='bbox 833 2947 1098 3018; x_wconf 82' lang='grc' dir='ltr'>ἀμίαντον</span> <span class='ocrx_word' id='word_1_373' title='bbox 1163 2943 1380 3017; x_wconf 78' lang='grc' dir='ltr'>ἀμνάδα</span> <span class='ocrx_word' id='word_1_374' title='bbox 1405 2983 1421 3009; x_wconf 94' lang='grc'><strong>,</strong></span> <span class='ocrx_word' id='word_1_375' title='bbox 1469 2942 1548 3005; x_wconf 85' lang='grc' dir='ltr'>ὡς</span> <span class='ocrx_word' id='word_1_376' title='bbox 1595 2939 1944 3012; x_wconf 80' lang='grc' dir='ltr'>πρωτότοκον</span> 
     </span>
    </p>
   </div>
   <div class='ocr_carea' id='block_1_52' title="bbox 349 3037 1050 3112">
    <p class='ocr_par' dir='ltr' id='par_1_52' title="bbox 349 3037 1050 3112">
     <span class='ocr_line' id='line_1_52' title="bbox 349 3037 1050 3112; baseline -0.004 -17"><span class='ocrx_word' id='word_1_377' title='bbox 349 3037 548 3112; x_wconf 74' lang='grc' dir='ltr'>ἀμνὸν,</span> <span class='ocrx_word' id='word_1_378' title='bbox 573 3038 650 3104; x_wconf 86' lang='grc' dir='ltr'>ὼς</span> <span class='ocrx_word' id='word_1_379' title='bbox 683 3039 804 3094; x_wconf 81' lang='grc' dir='ltr'>νέον</span> <span class='ocrx_word' id='word_1_380' title='bbox 839 3037 1050 3092; x_wconf 81' lang='grc' dir='ltr'>Ἰσαάκ.</span> 
     </span>
    </p>
   </div>
   <div class='ocr_carea' id='block_1_53' title="bbox 2047 2301 3657 2380">
    <p class='ocr_par' dir='ltr' id='par_1_53' title="bbox 2047 2301 3657 2380">
     <span class='ocr_line' id='line_1_53' title="bbox 2047 2301 3657 2380; baseline -0.002 -21"><span class='ocrx_word' id='word_1_381' title='bbox 2047 2315 2378 2360; x_wconf 81' lang='lat' dir='ltr'><strong>concessum</strong></span> <span class='ocrx_word' id='word_1_382' title='bbox 2409 2317 2475 2358; x_wconf 89' lang='lat' dir='ltr'><strong>ac</strong></span> <span class='ocrx_word' id='word_1_383' title='bbox 2499 2303 2668 2362; x_wconf 85' lang='lat' dir='ltr'><strong>veluti</strong></span> <span class='ocrx_word' id='word_1_384' title='bbox 2699 2302 3040 2374; x_wconf 86' lang='lat' dir='ltr'><strong>triumphum</strong></span> <span class='ocrx_word' id='word_1_385' title='bbox 3070 2302 3140 2359; x_wconf 89' lang='lat' dir='ltr'><strong>dc</strong></span> <span class='ocrx_word' id='word_1_386' title='bbox 3164 2302 3450 2362; x_wconf 88' lang='lat' dir='ltr'><strong>mendacio</strong></span> <span class='ocrx_word' id='word_1_387' title='bbox 3475 2301 3657 2380; x_wconf 46' lang='lat' dir='ltr'><strong>odio-5</strong></span> 
     </span>
    </p>
   </div>
   <div class='ocr_carea' id='block_1_54' title="bbox 2046 2388 3639 2466">
    <p class='ocr_par' dir='ltr' id='par_1_54' title="bbox 2046 2388 3639 2466">
     <span class='ocr_line' id='line_1_54' title="bbox 2046 2388 3639 2466; baseline -0.002 -14"><span class='ocrx_word' id='word_1_388' title='bbox 2046 2409 2156 2464; x_wconf 89' lang='lat' dir='ltr'><strong>quc</strong></span> <span class='ocrx_word' id='word_1_389' title='bbox 2183 2403 2520 2466; x_wconf 84' lang='lat' dir='ltr'><strong>reportatum</strong></span> <span class='ocrx_word' id='word_1_390' title='bbox 2552 2413 2567 2462; x_wconf 89' lang='lat'><strong>;</strong></span> <span class='ocrx_word' id='word_1_391' title='bbox 2616 2396 2844 2460; x_wconf 80' lang='lat' dir='ltr'><strong>intuere,</strong></span> <span class='ocrx_word' id='word_1_392' title='bbox 2877 2409 2912 2454; x_wconf 88' lang='grc' dir='ltr'>ο</span> <span class='ocrx_word' id='word_1_393' title='bbox 2955 2393 3260 2460; x_wconf 80' lang='lat' dir='ltr'><strong>Altissime,</strong></span> <span class='ocrx_word' id='word_1_394' title='bbox 3287 2397 3350 2450; x_wconf 81' lang='lat' dir='ltr'><strong>de</strong></span> <span class='ocrx_word' id='word_1_395' title='bbox 3385 2388 3639 2450; x_wconf 51' lang='lat' dir='ltr'><strong>taberna“-</strong></span> 
     </span>
    </p>
   </div>
   <div class='ocr_carea' id='block_1_55' title="bbox 2044 2483 3633 2556">
    <p class='ocr_par' dir='ltr' id='par_1_55' title="bbox 2044 2483 3633 2556">
     <span class='ocr_line' id='line_1_55' title="bbox 2044 2483 3633 2556; baseline 0.001 -18"><span class='ocrx_word' id='word_1_396' title='bbox 2044 2483 2163 2538; x_wconf 79' lang='lat' dir='ltr'><strong>cttlo</strong></span> <span class='ocrx_word' id='word_1_397' title='bbox 2183 2495 2368 2540; x_wconf 73' lang='lat' dir='ltr'><strong>structo</strong></span> <span class='ocrx_word' id='word_1_398' title='bbox 2401 2494 2494 2539; x_wconf 80' lang='lat' dir='ltr'><strong>tuo</strong></span> <span class='ocrx_word' id='word_1_399' title='bbox 2530 2485 2598 2552; x_wconf 82' lang='lat'><strong>“,</strong></span> <span class='ocrx_word' id='word_1_400' title='bbox 2627 2485 2780 2556; x_wconf 86' lang='lat' dir='ltr'><strong>aperi</strong></span> <span class='ocrx_word' id='word_1_401' title='bbox 2817 2487 2886 2540; x_wconf 89' lang='lat' dir='ltr'><strong>ad</strong></span> <span class='ocrx_word' id='word_1_402' title='bbox 2913 2495 3239 2556; x_wconf 88' lang='lat' dir='ltr'><strong>conceptum</strong></span> <span class='ocrx_word' id='word_1_403' title='bbox 3274 2484 3478 2541; x_wconf 87' lang='lat' dir='ltr'><strong>sobolis</strong></span> <span class='ocrx_word' id='word_1_404' title='bbox 3510 2495 3633 2540; x_wconf 91' lang='lat' dir='ltr'><strong>ute-</strong></span> 
     </span>
    </p>
   </div>
   <div class='ocr_carea' id='block_1_56' title="bbox 2049 2575 3637 2643">
    <p class='ocr_par' dir='ltr' id='par_1_56' title="bbox 2049 2575 3637 2643">
     <span class='ocr_line' id='line_1_56' title="bbox 2049 2575 3637 2643; baseline 0.001 -15"><span class='ocrx_word' id='word_1_405' title='bbox 2049 2589 2173 2629; x_wconf 87' lang='lat' dir='ltr'><strong>rum</strong></span> <span class='ocrx_word' id='word_1_406' title='bbox 2210 2589 2421 2643; x_wconf 89' lang='lat' dir='ltr'><strong>meum,</strong></span> <span class='ocrx_word' id='word_1_407' title='bbox 2461 2583 2654 2631; x_wconf 76' lang='lat' dir='ltr'><strong>excute</strong></span> <span class='ocrx_word' id='word_1_408' title='bbox 2694 2591 2725 2630; x_wconf 91' lang='lat' dir='ltr'><strong>a</strong></span> <span class='ocrx_word' id='word_1_409' title='bbox 2755 2591 2846 2632; x_wconf 86' lang='lat' dir='ltr'><strong>me</strong></span> <span class='ocrx_word' id='word_1_410' title='bbox 2877 2575 3286 2632; x_wconf 67' lang='lat' dir='ltr'><strong>inlecunditatis</strong></span> <span class='ocrx_word' id='word_1_411' title='bbox 3318 2591 3637 2640; x_wconf 77' lang='lat' dir='ltr'><strong>mterorem.</strong></span> 
     </span>
    </p>
   </div>
   <div class='ocr_carea' id='block_1_57' title="bbox 2045 2667 3639 2738">
    <p class='ocr_par' dir='ltr' id='par_1_57' title="bbox 2045 2667 3639 2738">
     <span class='ocr_line' id='line_1_57' title="bbox 2045 2667 3639 2738; baseline 0 -16"><span class='ocrx_word' id='word_1_412' title='bbox 2045 2673 2102 2722; x_wconf 88' lang='lat' dir='ltr'><strong>et</strong></span> <span class='ocrx_word' id='word_1_413' title='bbox 2127 2667 2393 2738; x_wconf 89' lang='lat' dir='ltr'><strong>abrumpe</strong></span> <span class='ocrx_word' id='word_1_414' title='bbox 2433 2667 2655 2723; x_wconf 84' lang='lat' dir='ltr'><strong>vincula</strong></span> <span class='ocrx_word' id='word_1_415' title='bbox 2701 2684 2837 2726; x_wconf 72' lang='lat' dir='ltr'><strong>mea:</strong></span> <span class='ocrx_word' id='word_1_416' title='bbox 2875 2668 3210 2735; x_wconf 81' lang='lat' dir='ltr'><strong>sterilitatis,</strong></span> <span class='ocrx_word' id='word_1_417' title='bbox 3249 2678 3312 2724; x_wconf 86' lang='lat' dir='ltr'><strong>ut</strong></span> <span class='ocrx_word' id='word_1_418' title='bbox 3355 2676 3545 2726; x_wconf 90' lang='lat' dir='ltr'><strong>natum</strong></span> <span class='ocrx_word' id='word_1_419' title='bbox 3570 2684 3639 2723; x_wconf 76' lang='lat' dir='ltr'><strong>ex</strong></span> 
     </span>
    </p>
   </div>
   <div class='ocr_carea' id='block_1_58' title="bbox 2047 2757 3638 2827">
    <p class='ocr_par' dir='ltr' id='par_1_58' title="bbox 2047 2757 3638 2827">
     <span class='ocr_line' id='line_1_58' title="bbox 2047 2757 3638 2827; baseline 0.002 -14"><span class='ocrx_word' id='word_1_420' title='bbox 2047 2773 2135 2814; x_wconf 93' lang='lat' dir='ltr'><strong>me</strong></span> <span class='ocrx_word' id='word_1_421' title='bbox 2162 2757 2367 2816; x_wconf 76' lang='lat' dir='ltr'><strong>famula</strong></span> <span class='ocrx_word' id='word_1_422' title='bbox 2401 2769 2495 2817; x_wconf 88' lang='lat' dir='ltr'><strong>tua</strong></span> <span class='ocrx_word' id='word_1_423' title='bbox 2521 2759 2784 2827; x_wconf 79' lang='lat' dir='ltr'><strong>fructum,</strong></span> <span class='ocrx_word' id='word_1_424' title='bbox 2833 2763 2949 2818; x_wconf 82' lang='lat' dir='ltr'><strong>sive</strong></span> <span class='ocrx_word' id='word_1_425' title='bbox 2981 2761 3187 2819; x_wconf 89' lang='lat' dir='ltr'><strong>ﬁliolus</strong></span> <span class='ocrx_word' id='word_1_426' title='bbox 3210 2763 3300 2818; x_wconf 89' lang='lat' dir='ltr'><strong>ille</strong></span> <span class='ocrx_word' id='word_1_427' title='bbox 3327 2761 3492 2818; x_wconf 81' lang='lat' dir='ltr'><strong>fuerit</strong></span> <span class='ocrx_word' id='word_1_428' title='bbox 3517 2763 3638 2817; x_wconf 82' lang='lat' dir='ltr'><strong>sive</strong></span> 
     </span>
    </p>
   </div>
   <div class='ocr_carea' id='block_1_59' title="bbox 2047 2849 3640 2916">
    <p class='ocr_par' dir='ltr' id='par_1_59' title="bbox 2047 2849 3640 2916">
     <span class='ocr_line' id='line_1_59' title="bbox 2047 2849 3640 2916; baseline 0.003 -12"><span class='ocrx_word' id='word_1_429' title='bbox 2047 2849 2236 2916; x_wconf 83' lang='lat' dir='ltr'><strong>ﬁliola,</strong></span> <span class='ocrx_word' id='word_1_430' title='bbox 2273 2867 2475 2907; x_wconf 88' lang='lat' dir='ltr'><strong>munus</strong></span> <span class='ocrx_word' id='word_1_431' title='bbox 2525 2852 2623 2909; x_wconf 83' lang='lat' dir='ltr'><strong>tibi</strong></span> <span class='ocrx_word' id='word_1_432' title='bbox 2672 2851 2928 2915; x_wconf 74' lang='lat' dir='ltr'><strong>offeram,</strong></span> <span class='ocrx_word' id='word_1_433' title='bbox 2987 2853 3138 2908; x_wconf 84' lang='lat' dir='ltr'><strong>velut</strong></span> <span class='ocrx_word' id='word_1_434' title='bbox 3190 2853 3524 2909; x_wconf 77' lang='lat' dir='ltr'><strong>sacriﬁcium</strong></span> <span class='ocrx_word' id='word_1_435' title='bbox 3580 2854 3640 2909; x_wconf 88' lang='lat' dir='ltr'><strong>in</strong></span> 
     </span>
    </p>
   </div>
   <div class='ocr_carea' id='block_1_60' title="bbox 2047 2942 3643 3013">
    <p class='ocr_par' dir='ltr' id='par_1_60' title="bbox 2047 2942 3643 3013">
     <span class='ocr_line' id='line_1_60' title="bbox 2047 2942 3643 3013; baseline 0.001 -16"><span class='ocrx_word' id='word_1_436' title='bbox 2047 2942 2274 2998; x_wconf 88' lang='lat' dir='ltr'><strong>odorem</strong></span> <span class='ocrx_word' id='word_1_437' title='bbox 2297 2946 2612 3012; x_wconf 84' lang='lat' dir='ltr'><strong>suavitatis,</strong></span> <span class='ocrx_word' id='word_1_438' title='bbox 2637 2945 2790 3002; x_wconf 87' lang='lat' dir='ltr'><strong>velut</strong></span> <span class='ocrx_word' id='word_1_439' title='bbox 2817 2945 3150 3000; x_wconf 84' lang='lat' dir='ltr'><strong>oblationem</strong></span> <span class='ocrx_word' id='word_1_440' title='bbox 3181 2947 3467 3013; x_wconf 85' lang='lat' dir='ltr'><strong>mundam,</strong></span> <span class='ocrx_word' id='word_1_441' title='bbox 3493 2945 3643 3001; x_wconf 85' lang='lat' dir='ltr'><strong>velut</strong></span> 
     </span>
    </p>
   </div>
   <div class='ocr_carea' id='block_1_61' title="bbox 2048 3032 3650 3107">
    <p class='ocr_par' dir='ltr' id='par_1_61' title="bbox 2048 3032 3650 3107">
     <span class='ocr_line' id='line_1_61' title="bbox 2048 3032 3650 3107; baseline 0.004 -19"><span class='ocrx_word' id='word_1_442' title='bbox 2048 3032 2255 3090; x_wconf 87' lang='lat' dir='ltr'><strong>donum</strong></span> <span class='ocrx_word' id='word_1_443' title='bbox 2303 3037 2632 3107; x_wconf 88' lang='lat' dir='ltr'><strong>pretiosum,</strong></span> <span class='ocrx_word' id='word_1_444' title='bbox 2674 3037 2826 3093; x_wconf 86' lang='lat' dir='ltr'><strong>velut</strong></span> <span class='ocrx_word' id='word_1_445' title='bbox 2877 3049 3070 3093; x_wconf 83' lang='lat' dir='ltr'><strong>sancte</strong></span> <span class='ocrx_word' id='word_1_446' title='bbox 3113 3037 3428 3093; x_wconf 82' lang='lat' dir='ltr'><strong>dedicatum</strong></span> <span class='ocrx_word' id='word_1_447' title='bbox 3475 3039 3650 3095; x_wconf 87' lang='lat' dir='ltr'><strong>dona-</strong></span> 
     </span>
    </p>
   </div>
   <div class='ocr_carea' id='block_1_62' title="bbox 241 3388 1945 3479">
    <p class='ocr_par' dir='ltr' id='par_1_62' title="bbox 241 3388 1945 3479">
     <span class='ocr_line' id='line_1_62' title="bbox 241 3388 1945 3479; baseline -0.009 -12"><span class='ocrx_word' id='word_1_448' title='bbox 241 3388 244 3391; x_wconf 21' lang='grc' dir='ltr'><strong>Ι</strong></span> <span class='ocrx_word' id='word_1_449' title='bbox 351 3412 538 3474; x_wconf 82' lang='grc' dir='ltr'>αὐτοῖς</span> <span class='ocrx_word' id='word_1_450' title='bbox 579 3407 808 3478; x_wconf 80' lang='grc' dir='ltr'>ἄγγελος</span> <span class='ocrx_word' id='word_1_451' title='bbox 841 3405 1048 3479; x_wconf 79' lang='grc' dir='ltr'>Κυρίου</span> <span class='ocrx_word' id='word_1_452' title='bbox 1067 3445 1080 3468; x_wconf 87' lang='grc'><strong>,</strong></span> <span class='ocrx_word' id='word_1_453' title='bbox 1111 3403 1211 3475; x_wconf 86' lang='grc' dir='ltr'><strong>τῆς</strong></span> <span class='ocrx_word' id='word_1_454' title='bbox 1253 3401 1525 3470; x_wconf 74' lang='grc' dir='ltr'>παναγίας</span> <span class='ocrx_word' id='word_1_455' title='bbox 1553 3400 1655 3471; x_wconf 83' lang='grc' dir='ltr'>τὴν</span> <span class='ocrx_word' id='word_1_456' title='bbox 1682 3399 1945 3470; x_wconf 75' lang='grc' dir='ltr'>σύλληψιν</span> 
     </span>
    </p>
   </div>
   <div class='ocr_carea' id='block_1_63' title="bbox 352 3121 3642 3202">
    <p class='ocr_par' dir='ltr' id='par_1_63' title="bbox 352 3121 3642 3202">
     <span class='ocr_line' id='line_1_63' title="bbox 352 3121 3642 3202; baseline 0 -15"><span class='ocrx_word' id='word_1_457' title='bbox 352 3134 518 3197; x_wconf 90' lang='lat' dir='ltr'><strong>rium,</strong></span> <span class='ocrx_word' id='word_1_458' title='bbox 549 3131 696 3186; x_wconf 89' lang='lat' dir='ltr'><strong>velut</strong></span> <span class='ocrx_word' id='word_1_459' title='bbox 733 3129 974 3186; x_wconf 84' lang='lat' dir='ltr'><strong>divinam</strong></span> <span class='ocrx_word' id='word_1_460' title='bbox 1033 3129 1102 3183; x_wconf 89' lang='lat' dir='ltr'><strong>ad</strong></span> <span class='ocrx_word' id='word_1_461' title='bbox 1159 3123 1578 3182; x_wconf 79' lang='lat' dir='ltr'><strong>inhabitandam</strong></span> <span class='ocrx_word' id='word_1_462' title='bbox 1626 3122 1820 3187; x_wconf 63' lang='lat' dir='ltr'><strong>aedem,</strong></span> <span class='ocrx_word' id='word_1_463' title='bbox 1849 3121 2002 3177; x_wconf 87' lang='lat' dir='ltr'><strong>velut</strong></span> <span class='ocrx_word' id='word_1_464' title='bbox 2039 3138 2239 3200; x_wconf 82' lang='lat' dir='ltr'><strong>agnam</strong></span> <span class='ocrx_word' id='word_1_465' title='bbox 2271 3128 2704 3196; x_wconf 85' lang='lat' dir='ltr'><strong>immaculatam,</strong></span> <span class='ocrx_word' id='word_1_466' title='bbox 2740 3129 2916 3186; x_wconf 80' lang='lat' dir='ltr'><strong>velut</strong></span> <span class='ocrx_word' id='word_1_467' title='bbox 2959 3143 3160 3202; x_wconf 81' lang='lat' dir='ltr'><strong>agnum</strong></span> <span class='ocrx_word' id='word_1_468' title='bbox 3193 3131 3642 3202; x_wconf 81' lang='lat' dir='ltr'><strong>primogenitum,</strong></span> 
     </span>
    </p>
   </div>
   <div class='ocr_carea' id='block_1_64' title="bbox 347 3223 1035 3280">
    <p class='ocr_par' dir='ltr' id='par_1_64' title="bbox 347 3223 1035 3280">
     <span class='ocr_line' id='line_1_64' title="bbox 347 3223 1035 3280; baseline -0.006 -2"><span class='ocrx_word' id='word_1_469' title='bbox 347 3225 498 3280; x_wconf 79' lang='lat' dir='ltr'><strong>Velut</strong></span> <span class='ocrx_word' id='word_1_470' title='bbox 528 3237 726 3277; x_wconf 88' lang='lat' dir='ltr'><strong>novum</strong></span> <span class='ocrx_word' id='word_1_471' title='bbox 763 3223 1035 3277; x_wconf 85' lang='lat' dir='ltr'><strong>lsaacum.</strong></span> 
     </span>
    </p>
   </div>
   <div class='ocr_carea' id='block_1_65' title="bbox 424 3305 1945 3388">
    <p class='ocr_par' dir='ltr' id='par_1_65' title="bbox 424 3308 1945 3388">
     <span class='ocr_line' id='line_1_65' title="bbox 424 3308 1945 3388; baseline -0.009 -14"><span class='ocrx_word' id='word_1_472' title='bbox 424 3321 502 3374; x_wconf 69' lang='grc' dir='ltr'>ιιι.</span> <span class='ocrx_word' id='word_1_473' title='bbox 545 3315 704 3372; x_wconf 75' lang='grc' dir='ltr'>Οὕτω</span> <span class='ocrx_word' id='word_1_474' title='bbox 733 3317 914 3370; x_wconf 78' lang='grc' dir='ltr'>τοίνυν</span> <span class='ocrx_word' id='word_1_475' title='bbox 945 3313 1278 3388; x_wconf 75' lang='grc' dir='ltr'>ἀμφοτέροις</span> <span class='ocrx_word' id='word_1_476' title='bbox 1302 3308 1759 3382; x_wconf 74' lang='grc' dir='ltr'>ἐπικαλουμένοις</span> <span class='ocrx_word' id='word_1_477' title='bbox 1789 3308 1945 3380; x_wconf 78' lang='grc' dir='ltr'>ὤφθη</span> 
     </span>
    </p>
   </div>
   <div class='ocr_carea' id='block_1_66' title="bbox 2049 3305 3645 3388">
    <p class='ocr_par' dir='ltr' id='par_1_66' title="bbox 2123 3305 3645 3388">
     <span class='ocr_line' id='line_1_66' title="bbox 2123 3305 3645 3388; baseline 0.007 -28"><span class='ocrx_word' id='word_1_478' title='bbox 2123 3305 2190 3362; x_wconf 75' lang='grc' dir='ltr'><strong>γ.</strong></span> <span class='ocrx_word' id='word_1_479' title='bbox 2213 3306 2480 3376; x_wconf 86' lang='lat' dir='ltr'><strong>Utrisque</strong></span> <span class='ocrx_word' id='word_1_480' title='bbox 2510 3305 2674 3377; x_wconf 80' lang='lat' dir='ltr'><strong>igitur</strong></span> <span class='ocrx_word' id='word_1_481' title='bbox 2703 3307 2782 3363; x_wconf 91' lang='lat' dir='ltr'><strong>sic</strong></span> <span class='ocrx_word' id='word_1_482' title='bbox 2811 3309 3168 3388; x_wconf 85' lang='lat' dir='ltr'><strong>precantibus</strong></span> <span class='ocrx_word' id='word_1_483' title='bbox 3211 3308 3384 3366; x_wconf 86' lang='lat' dir='ltr'><strong>astitit</strong></span> <span class='ocrx_word' id='word_1_484' title='bbox 3417 3313 3645 3384; x_wconf 85' lang='lat' dir='ltr'><strong>angelus</strong></span> 
     </span>
    </p>
   </div>
   <div class='ocr_carea' id='block_1_67' title="bbox 2067 3383 3643 3472">
    <p class='ocr_par' dir='ltr' id='par_1_67' title="bbox 2067 3383 3643 3472">
     <span class='ocr_line' id='line_1_67' title="bbox 2067 3383 3643 3472; baseline 0.003 -17"><span class='ocrx_word' id='word_1_485' title='bbox 2067 3398 2304 3470; x_wconf 81' lang='lat' dir='ltr'><strong>Domini,</strong></span> <span class='ocrx_word' id='word_1_486' title='bbox 2329 3398 2424 3470; x_wconf 89' lang='lat' dir='ltr'><strong>qui</strong></span> <span class='ocrx_word' id='word_1_487' title='bbox 2449 3399 2815 3456; x_wconf 83' lang='lat' dir='ltr'><strong>sanctissimae</strong></span> <span class='ocrx_word' id='word_1_488' title='bbox 2846 3383 3032 3454; x_wconf 79' lang='lat' dir='ltr'><strong>Mariae</strong></span> <span class='ocrx_word' id='word_1_489' title='bbox 3060 3411 3390 3472; x_wconf 84' lang='lat' dir='ltr'><strong>conceptum</strong></span> <span class='ocrx_word' id='word_1_490' title='bbox 3421 3383 3643 3462; x_wconf 86' lang='lat' dir='ltr'><strong>nuntia-</strong></span> 
     </span>
    </p>
   </div>
   <div class='ocr_carea' id='block_1_68' title="bbox 351 3488 1945 3570">
    <p class='ocr_par' dir='ltr' id='par_1_68' title="bbox 351 3488 1945 3570">
     <span class='ocr_line' id='line_1_68' title="bbox 351 3488 1945 3570; baseline -0.008 -16"><span class='ocrx_word' id='word_1_491' title='bbox 351 3497 875 3570; x_wconf 79' lang='grc' dir='ltr'><strong>εὐαγγελιζόμενος,</strong></span> <span class='ocrx_word' id='word_1_492' title='bbox 905 3495 1084 3564; x_wconf 76' lang='grc' dir='ltr'>λέγων</span> <span class='ocrx_word' id='word_1_493' title='bbox 1105 3512 1118 3525; x_wconf 72' lang='grc' dir='ltr'><strong>ο</strong></span> <span class='ocrx_word' id='word_1_494' title='bbox 1155 3493 1496 3563; x_wconf 80' lang='grc' dir='ltr'>Είσήκουσεν</span> <span class='ocrx_word' id='word_1_495' title='bbox 1535 3490 1691 3560; x_wconf 76' lang='grc' dir='ltr'>ὑμῶν</span> <span class='ocrx_word' id='word_1_496' title='bbox 1722 3491 1750 3543; x_wconf 83' lang='grc' dir='ltr'><strong>ὁ</strong></span> <span class='ocrx_word' id='word_1_497' title='bbox 1775 3488 1945 3560; x_wconf 71' lang='grc' dir='ltr'>’Ὑψι-</span> 
     </span>
    </p>
   </div>
   <div class='ocr_carea' id='block_1_69' title="bbox 2049 3488 3640 3570">
    <p class='ocr_par' dir='ltr' id='par_1_69' title="bbox 2055 3490 3640 3562">
     <span class='ocr_line' id='line_1_69' title="bbox 2055 3490 3640 3562; baseline 0.008 -18"><span class='ocrx_word' id='word_1_498' title='bbox 2055 3491 2158 3555; x_wconf 82' lang='lat' dir='ltr'><strong>vit,</strong></span> <span class='ocrx_word' id='word_1_499' title='bbox 2192 3490 2490 3562; x_wconf 80' lang='lat' dir='ltr'><strong>inquiens:</strong></span> <span class='ocrx_word' id='word_1_500' title='bbox 2525 3491 2847 3548; x_wconf 86' lang='lat' dir='ltr'><strong>Altissimus</strong></span> <span class='ocrx_word' id='word_1_501' title='bbox 2877 3493 3156 3548; x_wconf 78' lang='lat' dir='ltr'><strong>exaudivit</strong></span> <span class='ocrx_word' id='word_1_502' title='bbox 3185 3509 3374 3562; x_wconf 89' lang='lat' dir='ltr'><strong>preces</strong></span> <span class='ocrx_word' id='word_1_503' title='bbox 3404 3503 3640 3562; x_wconf 81' lang='lat' dir='ltr'><strong>vestras,</strong></span> 
     </span>
    </p>
   </div>
   <div class='ocr_carea' id='block_1_70' title="bbox 354 3579 1945 3660">
    <p class='ocr_par' dir='ltr' id='par_1_70' title="bbox 354 3579 1945 3660">
     <span class='ocr_line' id='line_1_70' title="bbox 354 3579 1945 3660; baseline -0.008 -16"><span class='ocrx_word' id='word_1_504' title='bbox 354 3605 481 3654; x_wconf 84' lang='grc' dir='ltr'>στος</span> <span class='ocrx_word' id='word_1_505' title='bbox 511 3588 612 3660; x_wconf 82' lang='grc' dir='ltr'>τῆς</span> <span class='ocrx_word' id='word_1_506' title='bbox 641 3588 911 3657; x_wconf 76' lang='grc' dir='ltr'>δεήσεως,</span> <span class='ocrx_word' id='word_1_507' title='bbox 943 3587 1038 3638; x_wconf 82' lang='grc' dir='ltr'>καὶ</span> <span class='ocrx_word' id='word_1_508' title='bbox 1081 3586 1140 3637; x_wconf 76' lang='grc' dir='ltr'><strong>ὲν</strong></span> <span class='ocrx_word' id='word_1_509' title='bbox 1173 3582 1340 3651; x_wconf 83' lang='grc' dir='ltr'>ὀλίγῳ</span> <span class='ocrx_word' id='word_1_510' title='bbox 1382 3581 1562 3652; x_wconf 80' lang='grc' dir='ltr'>χρόνῳ</span> <span class='ocrx_word' id='word_1_511' title='bbox 1595 3579 1814 3647; x_wconf 74' lang='grc' dir='ltr'>τέξεσθε</span> <span class='ocrx_word' id='word_1_512' title='bbox 1848 3579 1945 3632; x_wconf 84' lang='grc' dir='ltr'>θυ-</span> 
     </span>
    </p>
   </div>
   <div class='ocr_carea' id='block_1_71' title="bbox 2049 3579 3644 3660">
    <p class='ocr_par' dir='ltr' id='par_1_71' title="bbox 2054 3583 3644 3656">
     <span class='ocr_line' id='line_1_71' title="bbox 2054 3583 3644 3656; baseline 0.003 -16"><span class='ocrx_word' id='word_1_513' title='bbox 2054 3599 2122 3640; x_wconf 85' lang='lat' dir='ltr'><strong>ac</strong></span> <span class='ocrx_word' id='word_1_514' title='bbox 2152 3583 2303 3640; x_wconf 84' lang='lat' dir='ltr'><strong>brevi</strong></span> <span class='ocrx_word' id='word_1_515' title='bbox 2341 3583 2507 3638; x_wconf 83' lang='lat' dir='ltr'><strong>ﬁliam</strong></span> <span class='ocrx_word' id='word_1_516' title='bbox 2531 3583 2784 3654; x_wconf 81' lang='lat' dir='ltr'><strong>gignetis,</strong></span> <span class='ocrx_word' id='word_1_517' title='bbox 2814 3583 3031 3640; x_wconf 86' lang='lat' dir='ltr'><strong>beatam</strong></span> <span class='ocrx_word' id='word_1_518' title='bbox 3075 3584 3247 3654; x_wconf 86' lang='lat' dir='ltr'><strong>illam,</strong></span> <span class='ocrx_word' id='word_1_519' title='bbox 3275 3602 3398 3656; x_wconf 64' lang='lat' dir='ltr'><strong>quae</strong></span> <span class='ocrx_word' id='word_1_520' title='bbox 3421 3603 3488 3644; x_wconf 84' lang='lat' dir='ltr'><strong>ex</strong></span> <span class='ocrx_word' id='word_1_521' title='bbox 3523 3603 3644 3644; x_wconf 88' lang='lat' dir='ltr'><strong>om-</strong></span> 
     </span>
    </p>
   </div>
   <div class='ocr_carea' id='block_1_72' title="bbox 352 3669 1952 3753">
    <p class='ocr_par' dir='ltr' id='par_1_72' title="bbox 352 3669 1952 3753">
     <span class='ocr_line' id='line_1_72' title="bbox 352 3669 1952 3753; baseline -0.011 -12"><span class='ocrx_word' id='word_1_522' title='bbox 352 3681 587 3753; x_wconf 76' lang='grc' dir='ltr'>γαιτέρα,</span> <span class='ocrx_word' id='word_1_523' title='bbox 613 3679 713 3750; x_wconf 77' lang='grc' dir='ltr'>τὴν</span> <span class='ocrx_word' id='word_1_524' title='bbox 743 3680 810 3732; x_wconf 73' lang='grc' dir='ltr'>ἐκ</span> <span class='ocrx_word' id='word_1_525' title='bbox 838 3675 1031 3730; x_wconf 83' lang='grc' dir='ltr'>πασῶν</span> <span class='ocrx_word' id='word_1_526' title='bbox 1060 3675 1266 3744; x_wconf 85' lang='grc' dir='ltr'>γενεῶν</span> <span class='ocrx_word' id='word_1_527' title='bbox 1297 3673 1600 3744; x_wconf 78' lang='grc' dir='ltr'>μακαρίαν,</span> <span class='ocrx_word' id='word_1_528' title='bbox 1622 3669 1952 3740; x_wconf 77' lang='grc' dir='ltr'>ἐκλελεγμέ-</span> 
     </span>
    </p>
   </div>
   <div class='ocr_carea' id='block_1_73' title="bbox 352 3760 1946 3844">
    <p class='ocr_par' dir='ltr' id='par_1_73' title="bbox 352 3760 1946 3844">
     <span class='ocr_line' id='line_1_73' title="bbox 352 3760 1946 3844; baseline -0.008 -18"><span class='ocrx_word' id='word_1_529' title='bbox 352 3790 454 3844; x_wconf 85' lang='grc' dir='ltr'><strong>νην</strong></span> <span class='ocrx_word' id='word_1_530' title='bbox 500 3773 582 3835; x_wconf 72' lang='grc' dir='ltr'><strong>τίς</strong></span> <span class='ocrx_word' id='word_1_531' title='bbox 630 3767 768 3822; x_wconf 85' lang='grc' dir='ltr'><strong>Θεοῦ</strong></span> <span class='ocrx_word' id='word_1_532' title='bbox 821 3766 1286 3836; x_wconf 59' lang='grc' dir='ltr'>κατοικητήριον.»</span> <span class='ocrx_word' id='word_1_533' title='bbox 1323 3764 1367 3816; x_wconf 89' lang='grc' dir='ltr'><strong>Τ</strong></span> <span class='ocrx_word' id='word_1_534' title='bbox 1371 3762 1511 3816; x_wconf 81' lang='grc' dir='ltr'>αὔτα</span> <span class='ocrx_word' id='word_1_535' title='bbox 1561 3760 1658 3816; x_wconf 80' lang='grc' dir='ltr'><strong>τοῦ</strong></span> <span class='ocrx_word' id='word_1_536' title='bbox 1711 3761 1946 3830; x_wconf 78' lang='grc' dir='ltr'>ἀγγέλου</span> 
     </span>
    </p>
   </div>
   <div class='ocr_carea' id='block_1_74' title="bbox 356 3853 1949 3936">
    <p class='ocr_par' dir='ltr' id='par_1_74' title="bbox 356 3853 1949 3936">
     <span class='ocr_line' id='line_1_74' title="bbox 356 3853 1949 3936; baseline -0.007 -18"><span class='ocrx_word' id='word_1_537' title='bbox 356 3863 674 3936; x_wconf 82' lang='grc' dir='ltr'>περιχαρῶς</span> <span class='ocrx_word' id='word_1_538' title='bbox 715 3859 1246 3930; x_wconf 78' lang='grc' dir='ltr'>εὐαγγελιζομένου,</span> <span class='ocrx_word' id='word_1_539' title='bbox 1279 3853 1521 3927; x_wconf 84' lang='grc' dir='ltr'>κατῆλθε</span> <span class='ocrx_word' id='word_1_540' title='bbox 1556 3857 1655 3926; x_wconf 79' lang='grc' dir='ltr'><strong>μὲν</strong></span> <span class='ocrx_word' id='word_1_541' title='bbox 1689 3854 1949 3924; x_wconf 73' lang='grc' dir='ltr'>Ἰωακεὶμ</span> 
     </span>
    </p>
   </div>
   <div class='ocr_carea' id='block_1_75' title="bbox 355 3947 1945 4028">
    <p class='ocr_par' dir='ltr' id='par_1_75' title="bbox 355 3947 1945 4028">
     <span class='ocr_line' id='line_1_75' title="bbox 355 3947 1945 4028; baseline -0.006 -16"><span class='ocrx_word' id='word_1_542' title='bbox 355 3959 423 4014; x_wconf 71' lang='grc' dir='ltr'>ἐκ</span> <span class='ocrx_word' id='word_1_543' title='bbox 451 3956 548 4011; x_wconf 83' lang='grc' dir='ltr'>τοῦ</span> <span class='ocrx_word' id='word_1_544' title='bbox 587 3955 747 4028; x_wconf 75' lang='grc' dir='ltr'>ὅρους</span> <span class='ocrx_word' id='word_1_545' title='bbox 783 3955 922 4025; x_wconf 73' lang='grc' dir='ltr'>μετὰ</span> <span class='ocrx_word' id='word_1_546' title='bbox 951 3953 1128 4024; x_wconf 76' lang='grc' dir='ltr'>χαρᾶς</span> <span class='ocrx_word' id='word_1_547' title='bbox 1163 3951 1258 4008; x_wconf 71' lang='grc' dir='ltr'>καὶ</span> <span class='ocrx_word' id='word_1_548' title='bbox 1288 3949 1634 4020; x_wconf 78' lang='grc' dir='ltr'>εὐφροσύνης</span> <span class='ocrx_word' id='word_1_549' title='bbox 1675 3947 1904 4018; x_wconf 83' lang='grc' dir='ltr'>καρδίας</span> <span class='ocrx_word' id='word_1_550' title='bbox 1930 3964 1945 3979; x_wconf 77' lang='grc' dir='ltr'><strong>ο</strong></span> 
     </span>
    </p>
   </div>
   <div class='ocr_carea' id='block_1_76' title="bbox 355 4039 1950 4121">
    <p class='ocr_par' dir='ltr' id='par_1_76' title="bbox 355 4039 1950 4121">
     <span class='ocr_line' id='line_1_76' title="bbox 355 4039 1950 4121; baseline -0.007 -17"><span class='ocrx_word' id='word_1_551' title='bbox 355 4042 583 4121; x_wconf 78' lang='grc' dir='ltr'>γόνιμος</span> <span class='ocrx_word' id='word_1_552' title='bbox 635 4047 694 4102; x_wconf 80' lang='grc' dir='ltr'>δὲ</span> <span class='ocrx_word' id='word_1_553' title='bbox 739 4045 870 4118; x_wconf 85' lang='grc' dir='ltr'>παρ’</span> <span class='ocrx_word' id='word_1_554' title='bbox 893 4045 1085 4099; x_wconf 69' lang='grc' dir='ltr'>ἐλπίδα</span> <span class='ocrx_word' id='word_1_555' title='bbox 1137 4045 1174 4116; x_wconf 76' lang='grc' dir='ltr'><strong>ἡ</strong></span> <span class='ocrx_word' id='word_1_556' title='bbox 1217 4043 1469 4116; x_wconf 74' lang='grc' dir='ltr'>ἄκαρπος</span> <span class='ocrx_word' id='word_1_557' title='bbox 1515 4040 1802 4110; x_wconf 81' lang='grc' dir='ltr'>ἀνεδείχθη</span> <span class='ocrx_word' id='word_1_558' title='bbox 1848 4039 1950 4110; x_wconf 84' lang='grc' dir='ltr'>τῆς</span> 
     </span>
    </p>
   </div>
   <div class='ocr_carea' id='block_1_77' title="bbox 361 4133 1950 4213">
    <p class='ocr_par' dir='ltr' id='par_1_77' title="bbox 361 4133 1950 4213">
     <span class='ocr_line' id='line_1_77' title="bbox 361 4133 1950 4213; baseline -0.007 -17"><span class='ocrx_word' id='word_1_559' title='bbox 361 4145 563 4212; x_wconf 79' lang='grc' dir='ltr'>Ἀνν-ης</span> <span class='ocrx_word' id='word_1_560' title='bbox 600 4138 834 4213; x_wconf 83' lang='grc' dir='ltr'>γαστὴρ,</span> <span class='ocrx_word' id='word_1_561' title='bbox 867 4140 932 4192; x_wconf 79' lang='grc' dir='ltr'>ὲκ</span> <span class='ocrx_word' id='word_1_562' title='bbox 978 4136 1288 4208; x_wconf 81' lang='grc' dir='ltr'>θελήματος</span> <span class='ocrx_word' id='word_1_563' title='bbox 1339 4134 1543 4204; x_wconf 73' lang='grc' dir='ltr'>σαρκὸς</span> <span class='ocrx_word' id='word_1_564' title='bbox 1571 4133 1666 4190; x_wconf 72' lang='grc' dir='ltr'>καὶ</span> <span class='ocrx_word' id='word_1_565' title='bbox 1693 4135 1759 4188; x_wconf 76' lang='grc' dir='ltr'>ἐκ</span> <span class='ocrx_word' id='word_1_566' title='bbox 1793 4133 1950 4202; x_wconf 85' lang='grc' dir='ltr'>θελή-</span> 
     </span>
    </p>
   </div>
   <div class='ocr_carea' id='block_1_78' title="bbox 361 4223 1950 4304">
    <p class='ocr_par' dir='ltr' id='par_1_78' title="bbox 361 4223 1950 4304">
     <span class='ocr_line' id='line_1_78' title="bbox 361 4223 1950 4304; baseline -0.007 -17"><span class='ocrx_word' id='word_1_567' title='bbox 361 4249 536 4304; x_wconf 82' lang='grc' dir='ltr'>ματος</span> <span class='ocrx_word' id='word_1_568' title='bbox 562 4231 779 4304; x_wconf 85' lang='grc' dir='ltr'>ἀνδρδς,</span> <span class='ocrx_word' id='word_1_569' title='bbox 812 4231 909 4285; x_wconf 75' lang='grc' dir='ltr'>καὶ</span> <span class='ocrx_word' id='word_1_570' title='bbox 936 4231 1028 4283; x_wconf 73' lang='grc' dir='ltr'>τὸν</span> <span class='ocrx_word' id='word_1_571' title='bbox 1063 4229 1255 4301; x_wconf 72' lang='grc' dir='ltr'>καιρὸν</span> <span class='ocrx_word' id='word_1_572' title='bbox 1282 4226 1384 4298; x_wconf 81' lang='grc' dir='ltr'>τῆς</span> <span class='ocrx_word' id='word_1_573' title='bbox 1408 4225 1828 4296; x_wconf 84' lang='grc' dir='ltr'>ὲννεαμηνιαίας</span> <span class='ocrx_word' id='word_1_574' title='bbox 1851 4223 1950 4278; x_wconf 84' lang='grc' dir='ltr'><strong>αὒ-</strong></span> 
     </span>
    </p>
   </div>
   <div class='ocr_carea' id='block_1_79' title="bbox 361 4313 1950 4396">
    <p class='ocr_par' dir='ltr' id='par_1_79' title="bbox 361 4313 1950 4396">
     <span class='ocr_line' id='line_1_79' title="bbox 361 4313 1950 4396; baseline -0.014 -15"><span class='ocrx_word' id='word_1_575' title='bbox 361 4325 573 4396; x_wconf 77' lang='grc' dir='ltr'>ξήσεως</span> <span class='ocrx_word' id='word_1_576' title='bbox 607 4322 943 4394; x_wconf 86' lang='grc' dir='ltr'>γνωρίσασα,</span> <span class='ocrx_word' id='word_1_577' title='bbox 972 4319 1129 4372; x_wconf 78' lang='grc' dir='ltr'>ἔτεκε</span> <span class='ocrx_word' id='word_1_578' title='bbox 1173 4317 1273 4390; x_wconf 81' lang='grc' dir='ltr'><strong>τὴν</strong></span> <span class='ocrx_word' id='word_1_579' title='bbox 1324 4316 1706 4386; x_wconf 84' lang='grc' dir='ltr'>πανάχραντον</span> <span class='ocrx_word' id='word_1_580' title='bbox 1735 4313 1950 4384; x_wconf 77' lang='grc' dir='ltr'>Παρθέ-</span> 
     </span>
    </p>
   </div>
   <div class='ocr_carea' id='block_1_80' title="bbox 361 4405 1949 4483">
    <p class='ocr_par' dir='ltr' id='par_1_80' title="bbox 361 4405 1949 4483">
     <span class='ocr_line' id='line_1_80' title="bbox 361 4405 1949 4483; baseline -0.008 -13"><span class='ocrx_word' id='word_1_581' title='bbox 361 4433 456 4470; x_wconf 92' lang='grc' dir='ltr'>νον</span> <span class='ocrx_word' id='word_1_582' title='bbox 483 4417 577 4468; x_wconf 80' lang='grc' dir='ltr'>καὶ</span> <span class='ocrx_word' id='word_1_583' title='bbox 603 4415 868 4469; x_wconf 84' lang='grc' dir='ltr'>Θεοτόκον</span> <span class='ocrx_word' id='word_1_584' title='bbox 898 4411 1122 4483; x_wconf 82' lang='grc' dir='ltr'>Μαρίαν</span> <span class='ocrx_word' id='word_1_585' title='bbox 1149 4452 1164 4476; x_wconf 91' lang='grc'><strong>,</strong></span> <span class='ocrx_word' id='word_1_586' title='bbox 1197 4409 1298 4481; x_wconf 86' lang='grc' dir='ltr'>τὴν</span> <span class='ocrx_word' id='word_1_587' title='bbox 1323 4407 1419 4463; x_wconf 79' lang='grc' dir='ltr'><strong>τοῦ</strong></span> <span class='ocrx_word' id='word_1_588' title='bbox 1449 4409 1656 4478; x_wconf 79' lang='grc' dir='ltr'>κόσμου</span> <span class='ocrx_word' id='word_1_589' title='bbox 1690 4405 1949 4477; x_wconf 79' lang='grc' dir='ltr'>πρόξενον</span> 
     </span>
    </p>
   </div>
   <div class='ocr_carea' id='block_1_81' title="bbox 365 4506 666 4580">
    <p class='ocr_par' dir='ltr' id='par_1_81' title="bbox 365 4506 666 4580">
     <span class='ocr_line' id='line_1_81' title="bbox 365 4506 666 4580; baseline -0.013 -18"><span class='ocrx_word' id='word_1_590' title='bbox 365 4506 666 4580; x_wconf 86' lang='grc' dir='ltr'>σωτηρίας.</span> 
     </span>
    </p>
   </div>
   <div class='ocr_carea' id='block_1_82' title="bbox 437 4591 1949 4668">
    <p class='ocr_par' dir='ltr' id='par_1_82' title="bbox 437 4591 1949 4668">
     <span class='ocr_line' id='line_1_82' title="bbox 437 4591 1949 4668; baseline -0.009 -13"><span class='ocrx_word' id='word_1_591' title='bbox 437 4602 530 4668; x_wconf 71' lang='grc' dir='ltr'><strong>ς’.</strong></span> <span class='ocrx_word' id='word_1_592' title='bbox 574 4598 685 4653; x_wconf 74' lang='grc' dir='ltr'>Καὶ</span> <span class='ocrx_word' id='word_1_593' title='bbox 746 4594 938 4666; x_wconf 71' lang='grc' dir='ltr'>μηδεὶς</span> <span class='ocrx_word' id='word_1_594' title='bbox 991 4591 1100 4646; x_wconf 84' lang='grc' dir='ltr'><strong>τῶν</strong></span> <span class='ocrx_word' id='word_1_595' title='bbox 1149 4592 1250 4662; x_wconf 82' lang='grc' dir='ltr'>τῆς</span> <span class='ocrx_word' id='word_1_596' title='bbox 1283 4591 1617 4662; x_wconf 83' lang='grc' dir='ltr'>Ἐκκλησίας</span> <span class='ocrx_word' id='word_1_597' title='bbox 1664 4591 1949 4662; x_wconf 84' lang='grc' dir='ltr'>τροφίμων</span> 
     </span>
    </p>
   </div>
   <div class='ocr_carea' id='block_1_83' title="bbox 2054 3675 3645 3746">
    <p class='ocr_par' dir='ltr' id='par_1_83' title="bbox 2054 3675 3645 3746">
     <span class='ocr_line' id='line_1_83' title="bbox 2054 3675 3645 3746; baseline 0.006 -16"><span class='ocrx_word' id='word_1_598' title='bbox 2054 3675 2221 3732; x_wconf 87' lang='lat' dir='ltr'><strong>nibus</strong></span> <span class='ocrx_word' id='word_1_599' title='bbox 2265 3675 2713 3746; x_wconf 75' lang='lat' dir='ltr'><strong>generationibus</strong></span> <span class='ocrx_word' id='word_1_600' title='bbox 2771 3676 2824 3731; x_wconf 94' lang='lat' dir='ltr'><strong>in</strong></span> <span class='ocrx_word' id='word_1_601' title='bbox 2879 3675 2975 3730; x_wconf 77' lang='lat' dir='ltr'><strong>Dei</strong></span> <span class='ocrx_word' id='word_1_602' title='bbox 3025 3675 3420 3735; x_wconf 86' lang='lat' dir='ltr'><strong>habitationem</strong></span> <span class='ocrx_word' id='word_1_603' title='bbox 3469 3682 3645 3741; x_wconf 79' lang='lat' dir='ltr'><strong>electa</strong></span> 
     </span>
    </p>
   </div>
   <div class='ocr_carea' id='block_1_84' title="bbox 2055 3765 3640 3844">
    <p class='ocr_par' dir='ltr' id='par_1_84' title="bbox 2055 3765 3640 3844">
     <span class='ocr_line' id='line_1_84' title="bbox 2055 3765 3640 3844; baseline 0.003 -19"><span class='ocrx_word' id='word_1_604' title='bbox 2055 3776 2163 3825; x_wconf 85' lang='lat' dir='ltr'><strong>est.</strong></span> <span class='ocrx_word' id='word_1_605' title='bbox 2191 3765 2296 3823; x_wconf 89' lang='lat' dir='ltr'><strong>Ubi</strong></span> <span class='ocrx_word' id='word_1_606' title='bbox 2337 3768 2484 3824; x_wconf 89' lang='lat' dir='ltr'><strong>hunc</strong></span> <span class='ocrx_word' id='word_1_607' title='bbox 2533 3769 2760 3839; x_wconf 79' lang='lat' dir='ltr'><strong>angelus</strong></span> <span class='ocrx_word' id='word_1_608' title='bbox 2811 3769 2980 3844; x_wconf 82' lang='lat' dir='ltr'><strong>edidit</strong></span> <span class='ocrx_word' id='word_1_609' title='bbox 3032 3769 3314 3828; x_wconf 71' lang='lat' dir='ltr'><strong>laetissime</strong></span> <span class='ocrx_word' id='word_1_610' title='bbox 3361 3775 3640 3841; x_wconf 88' lang='lat' dir='ltr'><strong>nuntium,</strong></span> 
     </span>
    </p>
   </div>
   <div class='ocr_carea' id='block_1_85' title="bbox 2049 3855 3642 3930">
    <p class='ocr_par' dir='ltr' id='par_1_85' title="bbox 2049 3855 3642 3930">
     <span class='ocr_line' id='line_1_85' title="bbox 2049 3855 3642 3930; baseline 0.003 -14"><span class='ocrx_word' id='word_1_611' title='bbox 2049 3855 2373 3916; x_wconf 78' lang='lat' dir='ltr'><strong>Joacbimus</strong></span> <span class='ocrx_word' id='word_1_612' title='bbox 2413 3857 2662 3914; x_wconf 88' lang='lat' dir='ltr'><strong>miriﬁcis</strong></span> <span class='ocrx_word' id='word_1_613' title='bbox 2711 3859 2926 3930; x_wconf 78' lang='lat' dir='ltr'><strong>gaudiis</strong></span> <span class='ocrx_word' id='word_1_614' title='bbox 2966 3859 3206 3930; x_wconf 77' lang='lat' dir='ltr'><strong>gestiens</strong></span> <span class='ocrx_word' id='word_1_615' title='bbox 3250 3862 3536 3918; x_wconf 88' lang='lat' dir='ltr'><strong>descendit</strong></span> <span class='ocrx_word' id='word_1_616' title='bbox 3573 3866 3642 3920; x_wconf 87' lang='lat' dir='ltr'><strong>de</strong></span> 
     </span>
    </p>
   </div>
   <div class='ocr_carea' id='block_1_86' title="bbox 2053 3946 3636 4022">
    <p class='ocr_par' dir='ltr' id='par_1_86' title="bbox 2053 3946 3636 4022">
     <span class='ocr_line' id='line_1_86' title="bbox 2053 3946 3636 4022; baseline 0.005 -16"><span class='ocrx_word' id='word_1_617' title='bbox 2053 3959 2261 4012; x_wconf 89' lang='lat' dir='ltr'><strong>monte,</strong></span> <span class='ocrx_word' id='word_1_618' title='bbox 2284 3946 2443 4007; x_wconf 86' lang='lat' dir='ltr'><strong>Anna</strong></span> <span class='ocrx_word' id='word_1_619' title='bbox 2470 3965 2602 4008; x_wconf 80' lang='lat' dir='ltr'><strong>vero</strong></span> <span class='ocrx_word' id='word_1_620' title='bbox 2626 3961 2846 4006; x_wconf 88' lang='lat' dir='ltr'><strong>uterum</strong></span> <span class='ocrx_word' id='word_1_621' title='bbox 2867 3993 2882 4018; x_wconf 89' lang='lat'><strong>,</strong></span> <span class='ocrx_word' id='word_1_622' title='bbox 2927 3951 3022 4022; x_wconf 92' lang='lat' dir='ltr'><strong>qui</strong></span> <span class='ocrx_word' id='word_1_623' title='bbox 3051 3953 3258 4009; x_wconf 85' lang='lat' dir='ltr'><strong>sterilis</strong></span> <span class='ocrx_word' id='word_1_624' title='bbox 3289 3953 3469 4010; x_wconf 82' lang='lat' dir='ltr'><strong>fuerat</strong></span> <span class='ocrx_word' id='word_1_625' title='bbox 3489 3997 3504 4022; x_wconf 90' lang='lat'><strong>,</strong></span> <span class='ocrx_word' id='word_1_626' title='bbox 3547 3956 3636 4014; x_wconf 84' lang='lat' dir='ltr'><strong>fe-</strong></span> 
     </span>
    </p>
   </div>
   <div class='ocr_carea' id='block_1_87' title="bbox 2051 4041 3640 4115">
    <p class='ocr_par' dir='ltr' id='par_1_87' title="bbox 2051 4041 3640 4115">
     <span class='ocr_line' id='line_1_87' title="bbox 2051 4041 3640 4115; baseline 0.005 -16"><span class='ocrx_word' id='word_1_627' title='bbox 2051 4041 2294 4099; x_wconf 88' lang='lat' dir='ltr'><strong>cundum</strong></span> <span class='ocrx_word' id='word_1_628' title='bbox 2323 4052 2550 4113; x_wconf 88' lang='lat' dir='ltr'><strong>experta</strong></span> <span class='ocrx_word' id='word_1_629' title='bbox 2589 4051 2674 4098; x_wconf 88' lang='lat' dir='ltr'><strong>est</strong></span> <span class='ocrx_word' id='word_1_630' title='bbox 2709 4041 2785 4115; x_wconf 75' lang='lat'><strong>(2)</strong></span> <span class='ocrx_word' id='word_1_631' title='bbox 2813 4059 2880 4100; x_wconf 77' lang='lat' dir='ltr'><strong>ex</strong></span> <span class='ocrx_word' id='word_1_632' title='bbox 2929 4046 3217 4106; x_wconf 87' lang='lat' dir='ltr'><strong>voluntate</strong></span> <span class='ocrx_word' id='word_1_633' title='bbox 3255 4049 3438 4104; x_wconf 87' lang='lat' dir='ltr'><strong>carnis</strong></span> <span class='ocrx_word' id='word_1_634' title='bbox 3489 4059 3544 4105; x_wconf 92' lang='lat' dir='ltr'><strong>et</strong></span> <span class='ocrx_word' id='word_1_635' title='bbox 3571 4067 3640 4106; x_wconf 77' lang='lat' dir='ltr'><strong>ex</strong></span> 
     </span>
    </p>
   </div>
   <div class='ocr_carea' id='block_1_88' title="bbox 2051 4133 3642 4207">
    <p class='ocr_par' dir='ltr' id='par_1_88' title="bbox 2051 4133 3642 4207">
     <span class='ocr_line' id='line_1_88' title="bbox 2051 4133 3642 4207; baseline 0.005 -19"><span class='ocrx_word' id='word_1_636' title='bbox 2051 4133 2333 4192; x_wconf 85' lang='lat' dir='ltr'><strong>voluntate</strong></span> <span class='ocrx_word' id='word_1_637' title='bbox 2383 4134 2524 4200; x_wconf 86' lang='lat' dir='ltr'><strong>viri;</strong></span> <span class='ocrx_word' id='word_1_638' title='bbox 2577 4144 2692 4190; x_wconf 92' lang='lat' dir='ltr'><strong>tum</strong></span> <span class='ocrx_word' id='word_1_639' title='bbox 2729 4137 2949 4205; x_wconf 83' lang='lat' dir='ltr'><strong>cognita</strong></span> <span class='ocrx_word' id='word_1_640' title='bbox 2995 4147 3120 4207; x_wconf 90' lang='lat' dir='ltr'><strong>post</strong></span> <span class='ocrx_word' id='word_1_641' title='bbox 3175 4153 3372 4193; x_wconf 83' lang='lat' dir='ltr'><strong>novem</strong></span> <span class='ocrx_word' id='word_1_642' title='bbox 3421 4155 3642 4198; x_wconf 86' lang='lat' dir='ltr'><strong>menses</strong></span> 
     </span>
    </p>
   </div>
   <div class='ocr_carea' id='block_1_89' title="bbox 2053 4227 3644 4304">
    <p class='ocr_par' dir='ltr' id='par_1_89' title="bbox 2053 4227 3644 4304">
     <span class='ocr_line' id='line_1_89' title="bbox 2053 4227 3644 4304; baseline 0.006 -22"><span class='ocrx_word' id='word_1_643' title='bbox 2053 4227 2370 4288; x_wconf 82' lang='lat' dir='ltr'><strong>maturitate</strong></span> <span class='ocrx_word' id='word_1_644' title='bbox 2392 4237 2606 4297; x_wconf 86' lang='lat' dir='ltr'><strong>partus,</strong></span> <span class='ocrx_word' id='word_1_645' title='bbox 2639 4229 2831 4300; x_wconf 89' lang='lat' dir='ltr'><strong>genuit</strong></span> <span class='ocrx_word' id='word_1_646' title='bbox 2870 4230 3247 4287; x_wconf 86' lang='lat' dir='ltr'><strong>intemeratam</strong></span> <span class='ocrx_word' id='word_1_647' title='bbox 3277 4231 3558 4304; x_wconf 80' lang='lat' dir='ltr'><strong>Virginem</strong></span> <span class='ocrx_word' id='word_1_648' title='bbox 3585 4244 3644 4292; x_wconf 85' lang='lat' dir='ltr'><strong>et.</strong></span> 
     </span>
    </p>
   </div>
   <div class='ocr_carea' id='block_1_90' title="bbox 2054 4317 3636 4386">
    <p class='ocr_par' dir='ltr' id='par_1_90' title="bbox 2054 4317 3636 4386">
     <span class='ocr_line' id='line_1_90' title="bbox 2054 4317 3636 4386; baseline 0.009 -14"><span class='ocrx_word' id='word_1_649' title='bbox 2054 4318 2147 4376; x_wconf 89' lang='lat' dir='ltr'><strong>Dei</strong></span> <span class='ocrx_word' id='word_1_650' title='bbox 2190 4317 2421 4376; x_wconf 82' lang='lat' dir='ltr'><strong>Matrem</strong></span> <span class='ocrx_word' id='word_1_651' title='bbox 2475 4319 2703 4376; x_wconf 84' lang='lat' dir='ltr'><strong>Mariam</strong></span> <span class='ocrx_word' id='word_1_652' title='bbox 2751 4323 2947 4378; x_wconf 87' lang='lat' dir='ltr'><strong>salutis</strong></span> <span class='ocrx_word' id='word_1_653' title='bbox 2999 4326 3316 4382; x_wconf 86' lang='lat' dir='ltr'><strong>mortalium</strong></span> <span class='ocrx_word' id='word_1_654' title='bbox 3375 4329 3636 4386; x_wconf 86' lang='lat' dir='ltr'><strong>concilia-</strong></span> 
     </span>
    </p>
   </div>
   <div class='ocr_carea' id='block_1_91' title="bbox 2057 4412 2272 4468">
    <p class='ocr_par' dir='ltr' id='par_1_91' title="bbox 2057 4412 2272 4468">
     <span class='ocr_line' id='line_1_91' title="bbox 2057 4412 2272 4468; baseline 0.009 -2"><span class='ocrx_word' id='word_1_655' title='bbox 2057 4412 2272 4468; x_wconf 89' lang='lat' dir='ltr'><strong>triccm.</strong></span> 
     </span>
    </p>
   </div>
   <div class='ocr_carea' id='block_1_92' title="bbox 2128 4593 3644 4672">
    <p class='ocr_par' dir='ltr' id='par_1_92' title="bbox 2128 4593 3644 4672">
     <span class='ocr_line' id='line_1_92' title="bbox 2128 4593 3644 4672; baseline 0.006 -24"><span class='ocrx_word' id='word_1_656' title='bbox 2128 4593 2216 4652; x_wconf 84' lang='lat' dir='ltr'><strong>Vl.</strong></span> <span class='ocrx_word' id='word_1_657' title='bbox 2243 4593 2366 4650; x_wconf 70' lang='lat' dir='ltr'><strong>lam</strong></span> <span class='ocrx_word' id='word_1_658' title='bbox 2408 4595 2736 4651; x_wconf 84' lang='lat' dir='ltr'><strong>sententiam</strong></span> <span class='ocrx_word' id='word_1_659' title='bbox 2791 4596 2940 4652; x_wconf 86' lang='lat' dir='ltr'><strong>illam</strong></span> <span class='ocrx_word' id='word_1_660' title='bbox 2993 4599 3261 4668; x_wconf 89' lang='lat' dir='ltr'><strong>spuriam,</strong></span> <span class='ocrx_word' id='word_1_661' title='bbox 3299 4615 3420 4671; x_wconf 60' lang='lat' dir='ltr'><strong>quae</strong></span> <span class='ocrx_word' id='word_1_662' title='bbox 3459 4601 3644 4672; x_wconf 88' lang='lat' dir='ltr'><strong>perhi—</strong></span> 
     </span>
    </p>
   </div>
   <div class='ocr_carea' id='block_1_93' title="bbox 353 4660 1945 4763">
    <p class='ocr_par' dir='ltr' id='par_1_93' title="bbox 353 4660 1945 4760">
     <span class='ocr_line' id='line_1_93' title="bbox 353 4660 1945 4760; baseline -0.009 -10"><span class='ocrx_word' id='word_1_663' title='bbox 353 4660 552 4749; x_wconf 51' lang='lat' dir='ltr'><strong>soﬁsov</strong></span> <span class='ocrx_word' id='word_1_664' title='bbox 582 4660 886 4760; x_wconf 66' lang='grc' dir='ltr'>είσδὲέηται</span> <span class='ocrx_word' id='word_1_665' title='bbox 915 4688 1010 4743; x_wconf 81' lang='grc' dir='ltr'><strong>τὸν</strong></span> <span class='ocrx_word' id='word_1_666' title='bbox 1042 4660 1222 4755; x_wconf 80' lang='grc' dir='ltr'>λόγον,</span> <span class='ocrx_word' id='word_1_667' title='bbox 1253 4660 1647 4746; x_wconf 75' lang='grc' dir='ltr'>ὑποϐάλλοντα,</span> <span class='ocrx_word' id='word_1_668' title='bbox 1674 4660 1752 4748; x_wconf 75' lang='grc' dir='ltr'><strong>ῶς</strong></span> <span class='ocrx_word' id='word_1_669' title='bbox 1779 4660 1945 4737; x_wconf 79' lang='grc' dir='ltr'>ἑπτα-</span> 
     </span>
    </p>
   </div>
   <div class='ocr_carea' id='block_1_94' title="bbox 2049 4660 3640 4763">
    <p class='ocr_par' dir='ltr' id='par_1_94' title="bbox 2057 4660 3640 4763">
     <span class='ocr_line' id='line_1_94' title="bbox 2057 4660 3640 4763; baseline 0.006 -23"><span class='ocrx_word' id='word_1_670' title='bbox 2057 4685 2147 4740; x_wconf 79' lang='lat' dir='ltr'><strong>bet</strong></span> <span class='ocrx_word' id='word_1_671' title='bbox 2172 4687 2406 4756; x_wconf 89' lang='lat' dir='ltr'><strong>septimo</strong></span> <span class='ocrx_word' id='word_1_672' title='bbox 2433 4702 2627 4743; x_wconf 85' lang='lat' dir='ltr'><strong>mense</strong></span> <span class='ocrx_word' id='word_1_673' title='bbox 2653 4695 2778 4756; x_wconf 88' lang='lat' dir='ltr'><strong>post</strong></span> <span class='ocrx_word' id='word_1_674' title='bbox 2799 4660 3125 4759; x_wconf 67' lang='lat' dir='ltr'><strong>conceptum</strong></span> <span class='ocrx_word' id='word_1_675' title='bbox 3161 4660 3332 4745; x_wconf 78' lang='lat' dir='ltr'><strong>fuisse</strong></span> <span class='ocrx_word' id='word_1_676' title='bbox 3364 4660 3640 4763; x_wconf 73' lang='lat' dir='ltr'><strong>Virginem</strong></span> 
     </span>
    </p>
   </div>
   <div class='ocr_carea' id='block_1_95' title="bbox 367 4772 1953 4860">
    <p class='ocr_par' dir='ltr' id='par_1_95' title="bbox 367 4772 1953 4860">
     <span class='ocr_line' id='line_1_95' title="bbox 367 4772 1953 4860; baseline -0.011 -18"><span class='ocrx_word' id='word_1_677' title='bbox 367 4785 598 4860; x_wconf 84' lang='grc' dir='ltr'>μηνιαία</span> <span class='ocrx_word' id='word_1_678' title='bbox 639 4785 674 4854; x_wconf 82' lang='grc' dir='ltr'><strong>ἡ</strong></span> <span class='ocrx_word' id='word_1_679' title='bbox 722 4779 1006 4854; x_wconf 80' lang='grc' dir='ltr'>Παρθένος</span> <span class='ocrx_word' id='word_1_680' title='bbox 1043 4777 1266 4849; x_wconf 75' lang='grc' dir='ltr'>ἐτέχθη.</span> <span class='ocrx_word' id='word_1_681' title='bbox 1297 4775 1410 4830; x_wconf 75' lang='grc' dir='ltr'><strong>Καὶ</strong></span> <span class='ocrx_word' id='word_1_682' title='bbox 1437 4775 1548 4847; x_wconf 85' lang='grc' dir='ltr'><strong>γὰρ</strong></span> <span class='ocrx_word' id='word_1_683' title='bbox 1577 4775 1808 4839; x_wconf 79' lang='grc' dir='ltr'>πολλοὺς</span> <span class='ocrx_word' id='word_1_684' title='bbox 1844 4772 1953 4826; x_wconf 83' lang='grc' dir='ltr'><strong>τῶν</strong></span> 
     </span>
    </p>
   </div>
   <div class='ocr_carea' id='block_1_96' title="bbox 364 4861 1952 4947">
    <p class='ocr_par' dir='ltr' id='par_1_96' title="bbox 364 4861 1952 4947">
     <span class='ocr_line' id='line_1_96' title="bbox 364 4861 1952 4947; baseline -0.011 -15"><span class='ocrx_word' id='word_1_685' title='bbox 364 4876 619 4947; x_wconf 84' lang='grc' dir='ltr'>ἀφρόνων</span> <span class='ocrx_word' id='word_1_686' title='bbox 643 4871 818 4928; x_wconf 77' lang='grc' dir='ltr'>ταῦτα</span> <span class='ocrx_word' id='word_1_687' title='bbox 847 4866 1290 4940; x_wconf 77' lang='grc' dir='ltr'>φιλονεικοῦντας</span> <span class='ocrx_word' id='word_1_688' title='bbox 1316 4865 1556 4938; x_wconf 80' lang='grc' dir='ltr'>ἀκήκοα,</span> <span class='ocrx_word' id='word_1_689' title='bbox 1586 4862 1680 4928; x_wconf 81' lang='grc' dir='ltr'>οὓς</span> <span class='ocrx_word' id='word_1_690' title='bbox 1709 4861 1819 4931; x_wconf 79' lang='grc' dir='ltr'><strong>ἐγὼ</strong></span> <span class='ocrx_word' id='word_1_691' title='bbox 1843 4861 1952 4915; x_wconf 85' lang='grc' dir='ltr'><strong>τῶν</strong></span> 
     </span>
    </p>
   </div>
   <div class='ocr_carea' id='block_1_97' title="bbox 364 4951 1953 5036">
    <p class='ocr_par' dir='ltr' id='par_1_97' title="bbox 364 4951 1953 5036">
     <span class='ocr_line' id='line_1_97' title="bbox 364 4951 1953 5036; baseline -0.011 -16"><span class='ocrx_word' id='word_1_692' title='bbox 364 4965 612 5020; x_wconf 88' lang='grc' dir='ltr'>ἀπίστων</span> <span class='ocrx_word' id='word_1_693' title='bbox 653 4961 872 5036; x_wconf 80' lang='grc' dir='ltr'>χείρους</span> <span class='ocrx_word' id='word_1_694' title='bbox 917 4954 1058 5014; x_wconf 85' lang='grc' dir='ltr'>εἶναι</span> <span class='ocrx_word' id='word_1_695' title='bbox 1085 4956 1249 5012; x_wconf 85' lang='grc' dir='ltr'>δοκῶ.</span> <span class='ocrx_word' id='word_1_696' title='bbox 1288 4954 1478 5008; x_wconf 78' lang='grc' dir='ltr'>Ταῦτα</span> <span class='ocrx_word' id='word_1_697' title='bbox 1521 4951 1631 5025; x_wconf 87' lang='grc' dir='ltr'><strong>γὰρ</strong></span> <span class='ocrx_word' id='word_1_698' title='bbox 1660 4951 1953 5023; x_wconf 72' lang='grc' dir='ltr'>αἱρετικῶν</span> 
     </span>
    </p>
   </div>
   <div class='ocr_carea' id='block_1_98' title="bbox 363 5043 1950 5126">
    <p class='ocr_par' dir='ltr' id='par_1_98' title="bbox 363 5043 1950 5126">
     <span class='ocr_line' id='line_1_98' title="bbox 363 5043 1950 5126; baseline -0.009 -16"><span class='ocrx_word' id='word_1_699' title='bbox 363 5059 504 5112; x_wconf 72' lang='grc' dir='ltr'>εἰσιν</span> <span class='ocrx_word' id='word_1_700' title='bbox 545 5053 939 5126; x_wconf 71' lang='grc' dir='ltr'>ἐφευρηματαο</span> <span class='ocrx_word' id='word_1_701' title='bbox 968 5047 1146 5106; x_wconf 80' lang='grc' dir='ltr'>ταῦτα</span> <span class='ocrx_word' id='word_1_702' title='bbox 1176 5049 1278 5119; x_wconf 83' lang='grc' dir='ltr'>τῆς</span> <span class='ocrx_word' id='word_1_703' title='bbox 1317 5045 1642 5118; x_wconf 86' lang='grc' dir='ltr'>Ἐκκλησίας</span> <span class='ocrx_word' id='word_1_704' title='bbox 1675 5043 1950 5108; x_wconf 83' lang='grc' dir='ltr'>ἀντίθετα,</span> 
     </span>
    </p>
   </div>
   <div class='ocr_carea' id='block_1_99' title="bbox 364 5133 1948 5216">
    <p class='ocr_par' dir='ltr' id='par_1_99' title="bbox 364 5133 1948 5216">
     <span class='ocr_line' id='line_1_99' title="bbox 364 5133 1948 5216; baseline -0.009 -17"><span class='ocrx_word' id='word_1_705' title='bbox 364 5146 476 5199; x_wconf 84' lang='grc' dir='ltr'><strong>τῶν</strong></span> <span class='ocrx_word' id='word_1_706' title='bbox 507 5143 805 5216; x_wconf 76' lang='grc' dir='ltr'>ὁρθοδόξων</span> <span class='ocrx_word' id='word_1_707' title='bbox 837 5139 1140 5213; x_wconf 70' lang='grc' dir='ltr'>ἀλλότρια*</span> <span class='ocrx_word' id='word_1_708' title='bbox 1167 5141 1202 5212; x_wconf 75' lang='grc' dir='ltr'><strong>ἡ</strong></span> <span class='ocrx_word' id='word_1_709' title='bbox 1231 5138 1342 5208; x_wconf 83' lang='grc' dir='ltr'><strong>γὰρ</strong></span> <span class='ocrx_word' id='word_1_710' title='bbox 1377 5133 1656 5207; x_wconf 82' lang='grc' dir='ltr'>Παρθένος</span> <span class='ocrx_word' id='word_1_711' title='bbox 1680 5134 1776 5188; x_wconf 77' lang='grc' dir='ltr'>καὶ</span> <span class='ocrx_word' id='word_1_712' title='bbox 1818 5133 1948 5186; x_wconf 78' lang='grc' dir='ltr'>θεά·</span> 
     </span>
    </p>
   </div>
   <div class='ocr_carea' id='block_1_100' title="bbox 2055 4774 3639 4852">
    <p class='ocr_par' dir='ltr' id='par_1_100' title="bbox 2055 4774 3639 4852">
     <span class='ocr_line' id='line_1_100' title="bbox 2055 4774 3639 4852; baseline 0.008 -26"><span class='ocrx_word' id='word_1_713' title='bbox 2055 4774 2316 4843; x_wconf 78' lang='lat' dir='ltr'><strong>genitam,</strong></span> <span class='ocrx_word' id='word_1_714' title='bbox 2352 4790 2513 4829; x_wconf 91' lang='lat' dir='ltr'><strong>nemo</strong></span> <span class='ocrx_word' id='word_1_715' title='bbox 2560 4775 2614 4828; x_wconf 90' lang='lat' dir='ltr'><strong>in</strong></span> <span class='ocrx_word' id='word_1_716' title='bbox 2666 4775 2915 4831; x_wconf 84' lang='lat' dir='ltr'><strong>Ecclesia</strong></span> <span class='ocrx_word' id='word_1_717' title='bbox 2955 4776 3257 4834; x_wconf 89' lang='lat' dir='ltr'><strong>innutritus</strong></span> <span class='ocrx_word' id='word_1_718' title='bbox 3306 4782 3639 4852; x_wconf 88' lang='lat' dir='ltr'><strong>probaverit.</strong></span> 
     </span>
    </p>
   </div>
   <div class='ocr_carea' id='block_1_101' title="bbox 2055 4862 3642 4942">
    <p class='ocr_par' dir='ltr' id='par_1_101' title="bbox 2055 4862 3642 4942">
     <span class='ocr_line' id='line_1_101' title="bbox 2055 4862 3642 4942; baseline 0.008 -24"><span class='ocrx_word' id='word_1_719' title='bbox 2055 4862 2254 4918; x_wconf 84' lang='lat' dir='ltr'><strong>Multos</strong></span> <span class='ocrx_word' id='word_1_720' title='bbox 2285 4863 2430 4918; x_wconf 89' lang='lat' dir='ltr'><strong>enim</strong></span> <span class='ocrx_word' id='word_1_721' title='bbox 2465 4863 2650 4921; x_wconf 79' lang='lat' dir='ltr'><strong>fatuos</strong></span> <span class='ocrx_word' id='word_1_722' title='bbox 2679 4866 2863 4920; x_wconf 87' lang='lat' dir='ltr'><strong>audivi</strong></span> <span class='ocrx_word' id='word_1_723' title='bbox 2889 4867 2958 4922; x_wconf 81' lang='lat' dir='ltr'><strong>de</strong></span> <span class='ocrx_word' id='word_1_724' title='bbox 2980 4867 3084 4922; x_wconf 89' lang='lat' dir='ltr'><strong>hac</strong></span> <span class='ocrx_word' id='word_1_725' title='bbox 3125 4885 3186 4926; x_wconf 89' lang='lat' dir='ltr'><strong>re</strong></span> <span class='ocrx_word' id='word_1_726' title='bbox 3221 4876 3642 4942; x_wconf 72' lang='lat' dir='ltr'><strong>contendentes,</strong></span> 
     </span>
    </p>
   </div>
   <div class='ocr_carea' id='block_1_102' title="bbox 2056 4949 3641 5028">
    <p class='ocr_par' dir='ltr' id='par_1_102' title="bbox 2056 4949 3641 5028">
     <span class='ocr_line' id='line_1_102' title="bbox 2056 4949 3641 5028; baseline 0.009 -20"><span class='ocrx_word' id='word_1_727' title='bbox 2056 4967 2194 5024; x_wconf 90' lang='lat' dir='ltr'><strong>quos</strong></span> <span class='ocrx_word' id='word_1_728' title='bbox 2211 4967 2313 5025; x_wconf 90' lang='lat' dir='ltr'><strong>ego</strong></span> <span class='ocrx_word' id='word_1_729' title='bbox 2349 4954 2539 5024; x_wconf 85' lang='lat' dir='ltr'><strong>judico</strong></span> <span class='ocrx_word' id='word_1_730' title='bbox 2578 4949 2892 5012; x_wconf 84' lang='lat' dir='ltr'><strong>inﬁdelibus</strong></span> <span class='ocrx_word' id='word_1_731' title='bbox 2931 4959 3248 5028; x_wconf 88' lang='lat' dir='ltr'><strong>deteriores,</strong></span> <span class='ocrx_word' id='word_1_732' title='bbox 3301 4978 3428 5019; x_wconf 83' lang='lat' dir='ltr'><strong>eum</strong></span> <span class='ocrx_word' id='word_1_733' title='bbox 3465 4969 3641 5024; x_wconf 76' lang='lat' dir='ltr'><strong>luere-</strong></span> 
     </span>
    </p>
   </div>
   <div class='ocr_carea' id='block_1_103' title="bbox 2058 5046 3646 5120">
    <p class='ocr_par' dir='ltr' id='par_1_103' title="bbox 2058 5046 3646 5120">
     <span class='ocr_line' id='line_1_103' title="bbox 2058 5046 3646 5120; baseline 0.009 -20"><span class='ocrx_word' id='word_1_734' title='bbox 2058 5046 2292 5102; x_wconf 82' lang='lat' dir='ltr'><strong>tieorum</strong></span> <span class='ocrx_word' id='word_1_735' title='bbox 2318 5049 2541 5118; x_wconf 91' lang='lat' dir='ltr'><strong>propria</strong></span> <span class='ocrx_word' id='word_1_736' title='bbox 2573 5049 2684 5104; x_wconf 89' lang='lat' dir='ltr'><strong>sint</strong></span> <span class='ocrx_word' id='word_1_737' title='bbox 2717 5050 2990 5120; x_wconf 77' lang='lat' dir='ltr'><strong>ejusmodi</strong></span> <span class='ocrx_word' id='word_1_738' title='bbox 3019 5052 3260 5110; x_wconf 88' lang='lat' dir='ltr'><strong>inventa.</strong></span> <span class='ocrx_word' id='word_1_739' title='bbox 3307 5054 3435 5114; x_wconf 78' lang='lat' dir='ltr'><strong>Haec</strong></span> <span class='ocrx_word' id='word_1_740' title='bbox 3459 5057 3646 5115; x_wconf 73' lang='lat' dir='ltr'><strong>Eccle-</strong></span> 
     </span>
    </p>
   </div>
   <div class='ocr_carea' id='block_1_104' title="bbox 2059 5135 3640 5220">
    <p class='ocr_par' dir='ltr' id='par_1_104' title="bbox 2059 5135 3640 5220">
     <span class='ocr_line' id='line_1_104' title="bbox 2059 5135 3640 5220; baseline 0.009 -28"><span class='ocrx_word' id='word_1_741' title='bbox 2059 5135 2160 5192; x_wconf 65' lang='lat' dir='ltr'><strong>siae</strong></span> <span class='ocrx_word' id='word_1_742' title='bbox 2193 5137 2420 5194; x_wconf 84' lang='lat' dir='ltr'><strong>adversa</strong></span> <span class='ocrx_word' id='word_1_743' title='bbox 2454 5149 2604 5206; x_wconf 90' lang='lat' dir='ltr'><strong>sunt,</strong></span> <span class='ocrx_word' id='word_1_744' title='bbox 2633 5157 2666 5194; x_wconf 79' lang='grc' dir='ltr'><strong>ιι</strong></span> <span class='ocrx_word' id='word_1_745' title='bbox 2692 5150 2840 5196; x_wconf 90' lang='lat' dir='ltr'><strong>recte</strong></span> <span class='ocrx_word' id='word_1_746' title='bbox 2863 5144 3230 5202; x_wconf 88' lang='lat' dir='ltr'><strong>sentientibus</strong></span> <span class='ocrx_word' id='word_1_747' title='bbox 3251 5151 3415 5220; x_wconf 84' lang='lat' dir='ltr'><strong>plane</strong></span> <span class='ocrx_word' id='word_1_748' title='bbox 3440 5151 3640 5206; x_wconf 82' lang='lat' dir='ltr'><strong>aliena.</strong></span> 
     </span>
    </p>
   </div>
   <div class='ocr_carea' id='block_1_105' title="bbox 367 5223 1945 5310">
    <p class='ocr_par' dir='ltr' id='par_1_105' title="bbox 367 5223 1945 5310">
     <span class='ocr_line' id='line_1_105' title="bbox 367 5223 1945 5310; baseline -0.009 -19"><span class='ocrx_word' id='word_1_749' title='bbox 367 5253 510 5302; x_wconf 65' lang='grc' dir='ltr'>καις</span> <span class='ocrx_word' id='word_1_750' title='bbox 543 5235 734 5310; x_wconf 85' lang='grc' dir='ltr'>Μαρία</span> <span class='ocrx_word' id='word_1_751' title='bbox 755 5234 960 5288; x_wconf 71' lang='grc' dir='ltr'>τέλειον</span> <span class='ocrx_word' id='word_1_752' title='bbox 987 5231 1082 5285; x_wconf 80' lang='grc' dir='ltr'>τὸν</span> <span class='ocrx_word' id='word_1_753' title='bbox 1113 5229 1307 5302; x_wconf 80' lang='grc' dir='ltr'>χρόνον</span> <span class='ocrx_word' id='word_1_754' title='bbox 1337 5225 1448 5281; x_wconf 82' lang='grc' dir='ltr'><strong>τῶν</strong></span> <span class='ocrx_word' id='word_1_755' title='bbox 1475 5224 1634 5278; x_wconf 76' lang='grc' dir='ltr'>ἐννέα</span> <span class='ocrx_word' id='word_1_756' title='bbox 1667 5223 1857 5295; x_wconf 84' lang='grc' dir='ltr'>μηνῶν</span> <span class='ocrx_word' id='word_1_757' title='bbox 1897 5225 1945 5277; x_wconf 66' lang='grc' dir='ltr'><strong>ιι</strong></span> 
     </span>
    </p>
   </div>
   <div class='ocr_carea' id='block_1_106' title="bbox 2049 5223 3643 5310">
    <p class='ocr_par' dir='ltr' id='par_1_106' title="bbox 2056 5223 3643 5300">
     <span class='ocr_line' id='line_1_106' title="bbox 2056 5223 3643 5300; baseline 0.01 -20"><span class='ocrx_word' id='word_1_758' title='bbox 2056 5223 2222 5300; x_wconf 75' lang='lat' dir='ltr'><strong>Virgo</strong></span> <span class='ocrx_word' id='word_1_759' title='bbox 2243 5227 2390 5282; x_wconf 88' lang='lat' dir='ltr'><strong>enim</strong></span> <span class='ocrx_word' id='word_1_760' title='bbox 2411 5243 2478 5284; x_wconf 87' lang='lat' dir='ltr'><strong>ac</strong></span> <span class='ocrx_word' id='word_1_761' title='bbox 2498 5228 2599 5284; x_wconf 87' lang='lat' dir='ltr'><strong>Dei</strong></span> <span class='ocrx_word' id='word_1_762' title='bbox 2619 5230 2736 5300; x_wconf 82' lang='lat' dir='ltr'><strong>ﬁlia</strong></span> <span class='ocrx_word' id='word_1_763' title='bbox 2763 5227 2930 5286; x_wconf 79' lang='lat' dir='ltr'><strong>Maria</strong></span> <span class='ocrx_word' id='word_1_764' title='bbox 2959 5241 3234 5290; x_wconf 80' lang='lat' dir='ltr'><strong>maturum</strong></span> <span class='ocrx_word' id='word_1_765' title='bbox 3259 5253 3454 5293; x_wconf 88' lang='lat' dir='ltr'><strong>novem</strong></span> <span class='ocrx_word' id='word_1_766' title='bbox 3485 5257 3643 5296; x_wconf 90' lang='lat' dir='ltr'><strong>men-</strong></span> 
     </span>
    </p>
   </div>
   <div class='ocr_carea' id='block_1_107' title="bbox 365 5317 1957 5402">
    <p class='ocr_par' dir='ltr' id='par_1_107' title="bbox 365 5317 1957 5402">
     <span class='ocr_line' id='line_1_107' title="bbox 365 5317 1957 5402; baseline -0.008 -20"><span class='ocrx_word' id='word_1_767' title='bbox 365 5331 432 5402; x_wconf 81' lang='grc' dir='ltr'><strong>τῇ</strong></span> <span class='ocrx_word' id='word_1_768' title='bbox 470 5329 573 5401; x_wconf 83' lang='grc' dir='ltr'>τῆς</span> <span class='ocrx_word' id='word_1_769' title='bbox 596 5329 798 5398; x_wconf 67' lang='lat' dir='ltr'><strong>&quot;Aw-qq</strong></span> <span class='ocrx_word' id='word_1_770' title='bbox 845 5324 1027 5396; x_wconf 71' lang='grc' dir='ltr'>κοιλία</span> <span class='ocrx_word' id='word_1_771' title='bbox 1077 5321 1408 5390; x_wconf 74' lang='grc' dir='ltr'>ἐξετέλεσεν,</span> <span class='ocrx_word' id='word_1_772' title='bbox 1436 5318 1512 5382; x_wconf 80' lang='grc' dir='ltr'><strong>ὡς</strong></span> <span class='ocrx_word' id='word_1_773' title='bbox 1541 5320 1574 5390; x_wconf 77' lang='grc' dir='ltr'><strong>ἡ</strong></span> <span class='ocrx_word' id='word_1_774' title='bbox 1606 5317 1767 5390; x_wconf 85' lang='grc' dir='ltr'>φύσις</span> <span class='ocrx_word' id='word_1_775' title='bbox 1796 5319 1828 5388; x_wconf 80' lang='grc' dir='ltr'>ἡ</span> <span class='ocrx_word' id='word_1_776' title='bbox 1858 5318 1957 5370; x_wconf 81' lang='grc' dir='ltr'>ἀν-</span> 
     </span>
    </p>
   </div>
   <div class='ocr_carea' id='block_1_108' title="bbox 369 5410 1957 5494">
    <p class='ocr_par' dir='ltr' id='par_1_108' title="bbox 369 5410 1957 5494">
     <span class='ocr_line' id='line_1_108' title="bbox 369 5410 1957 5494; baseline -0.008 -19"><span class='ocrx_word' id='word_1_777' title='bbox 369 5423 618 5494; x_wconf 79' lang='grc' dir='ltr'>θρωπίνη</span> <span class='ocrx_word' id='word_1_778' title='bbox 665 5420 852 5490; x_wconf 80' lang='grc' dir='ltr'>δηλοϊο</span> <span class='ocrx_word' id='word_1_779' title='bbox 879 5415 1016 5472; x_wconf 82' lang='grc' dir='ltr'><strong>ἀλλά</strong></span> <span class='ocrx_word' id='word_1_780' title='bbox 1043 5416 1156 5470; x_wconf 86' lang='grc' dir='ltr'><strong>τῶν</strong></span> <span class='ocrx_word' id='word_1_781' title='bbox 1191 5413 1443 5484; x_wconf 79' lang='grc' dir='ltr'>ἀφρόνων</span> <span class='ocrx_word' id='word_1_782' title='bbox 1473 5413 1544 5466; x_wconf 84' lang='grc' dir='ltr'>τὰ</span> <span class='ocrx_word' id='word_1_783' title='bbox 1571 5410 1820 5480; x_wconf 84' lang='grc' dir='ltr'>στόματα</span> <span class='ocrx_word' id='word_1_784' title='bbox 1851 5428 1957 5480; x_wconf 80' lang='grc' dir='ltr'><strong>μη·-</strong></span> 
     </span>
    </p>
   </div>
   <div class='ocr_carea' id='block_1_109' title="bbox 365 5499 1959 5586">
    <p class='ocr_par' dir='ltr' id='par_1_109' title="bbox 365 5499 1959 5586">
     <span class='ocr_line' id='line_1_109' title="bbox 365 5499 1959 5586; baseline -0.009 -18"><span class='ocrx_word' id='word_1_785' title='bbox 365 5515 493 5570; x_wconf 79' lang='grc' dir='ltr'>δένα</span> <span class='ocrx_word' id='word_1_786' title='bbox 529 5513 718 5586; x_wconf 84' lang='grc' dir='ltr'>μῶμον</span> <span class='ocrx_word' id='word_1_787' title='bbox 745 5511 882 5582; x_wconf 81' lang='grc' dir='ltr'>πρὸς</span> <span class='ocrx_word' id='word_1_788' title='bbox 904 5509 1004 5582; x_wconf 77' lang='grc' dir='ltr'>τὴν</span> <span class='ocrx_word' id='word_1_789' title='bbox 1035 5507 1266 5579; x_wconf 78' lang='grc' dir='ltr'>ἄμωμον</span> <span class='ocrx_word' id='word_1_790' title='bbox 1304 5505 1490 5576; x_wconf 85' lang='grc' dir='ltr'>εὑρεῖν</span> <span class='ocrx_word' id='word_1_791' title='bbox 1517 5502 1811 5574; x_wconf 83' lang='grc' dir='ltr'>δυνάμενα,</span> <span class='ocrx_word' id='word_1_792' title='bbox 1835 5499 1959 5554; x_wconf 83' lang='grc' dir='ltr'><strong>τοῦ-</strong></span> 
     </span>
    </p>
   </div>
   <div class='ocr_carea' id='block_1_110' title="bbox 949 5619 1945 5694">
    <p class='ocr_par' dir='ltr' id='par_1_110' title="bbox 949 5619 1926 5692">
     <span class='ocr_line' id='line_1_110' title="bbox 949 5619 1926 5692; baseline -0.008 -9"><span class='ocrx_word' id='word_1_793' title='bbox 949 5632 970 5666; x_wconf 80' lang='grc'><strong>⁹</strong></span> <span class='ocrx_word' id='word_1_794' title='bbox 995 5629 1132 5688; x_wconf 86' lang='lat' dir='ltr'><strong>Dan.</strong></span> <span class='ocrx_word' id='word_1_795' title='bbox 1165 5644 1264 5692; x_wconf 82' lang='lat' dir='ltr'><strong>vn,</strong></span> <span class='ocrx_word' id='word_1_796' title='bbox 1296 5625 1384 5682; x_wconf 75' lang='grc'><strong>10.</strong></span> <span class='ocrx_word' id='word_1_797' title='bbox 1461 5624 1504 5655; x_wconf 72' lang='grc' dir='ltr'><strong>ιο</strong></span> <span class='ocrx_word' id='word_1_798' title='bbox 1531 5623 1747 5679; x_wconf 72' lang='lat' dir='ltr'><strong>Gemit.</strong></span> <span class='ocrx_word' id='word_1_799' title='bbox 1786 5619 1874 5677; x_wconf 76' lang='grc'><strong>18.</strong></span> <span class='ocrx_word' id='word_1_800' title='bbox 1921 5661 1926 5666; x_wconf 85' lang='grc'><strong><em>-</em></strong></span> 
     </span>
    </p>
   </div>
   <div class='ocr_carea' id='block_1_111' title="bbox 2049 5619 3001 5694">
    <p class='ocr_par' dir='ltr' id='par_1_111' title="bbox 2049 5623 3001 5694">
     <span class='ocr_line' id='line_1_111' title="bbox 2049 5623 3001 5694; baseline 0.009 -16"><span class='ocrx_word' id='word_1_801' title='bbox 2049 5623 2165 5680; x_wconf 71' lang='grc' dir='ltr'>ῖοιι.</span> <span class='ocrx_word' id='word_1_802' title='bbox 2192 5641 2274 5690; x_wconf 90' lang='grc' dir='ltr'>ιιι,</span> <span class='ocrx_word' id='word_1_803' title='bbox 2305 5625 2396 5684; x_wconf 72' lang='lat' dir='ltr'><strong>2i.</strong></span> <span class='ocrx_word' id='word_1_804' title='bbox 2477 5628 2520 5662; x_wconf 81' lang='grc'>³³</span> <span class='ocrx_word' id='word_1_805' title='bbox 2550 5627 2789 5686; x_wconf 83' lang='lat' dir='ltr'><strong>Baruch.</strong></span> <span class='ocrx_word' id='word_1_806' title='bbox 2820 5645 2882 5694; x_wconf 90' lang='grc' dir='ltr'><strong>ιι,</strong></span> <span class='ocrx_word' id='word_1_807' title='bbox 2917 5631 3001 5687; x_wconf 79' lang='lat' dir='ltr'><strong>i6.</strong></span> 
     </span>
    </p>
   </div>
   <div class='ocr_carea' id='block_1_112' title="bbox 434 5631 872 5701">
    <p class='ocr_par' dir='ltr' id='par_1_112' title="bbox 434 5631 872 5701">
     <span class='ocr_line' id='line_1_112' title="bbox 434 5631 872 5701; baseline -0.011 -10"><span class='ocrx_word' id='word_1_808' title='bbox 434 5633 460 5669; x_wconf 85' lang='grc'><strong>⁸</strong></span> <span class='ocrx_word' id='word_1_809' title='bbox 493 5635 632 5701; x_wconf 65' lang='lat' dir='ltr'><strong>Dan.</strong></span> <span class='ocrx_word' id='word_1_810' title='bbox 660 5649 748 5699; x_wconf 86' lang='grc' dir='ltr'>ιιι,</span> <span class='ocrx_word' id='word_1_811' title='bbox 781 5631 872 5688; x_wconf 82' lang='lat'><strong>55.</strong></span> 
     </span>
    </p>
   </div>
   <div class='ocr_carea' id='block_1_113' title="bbox 440 5746 1504 5825">
    <p class='ocr_par' dir='ltr' id='par_1_113' title="bbox 440 5746 1504 5825">
     <span class='ocr_line' id='line_1_113' title="bbox 440 5746 1504 5825; baseline -0.016 -13"><span class='ocrx_word' id='word_1_812' title='bbox 440 5753 518 5825; x_wconf 73' lang='lat'><strong>(2)</strong></span> <span class='ocrx_word' id='word_1_813' title='bbox 556 5750 866 5825; x_wconf 67' lang='lat' dir='ltr'><strong>Supplenda</strong></span> <span class='ocrx_word' id='word_1_814' title='bbox 895 5749 984 5804; x_wconf 92' lang='lat' dir='ltr'><strong>hic</strong></span> <span class='ocrx_word' id='word_1_815' title='bbox 1011 5747 1228 5825; x_wconf 70' lang='lat' dir='ltr'><strong>negatio</strong></span> <span class='ocrx_word' id='word_1_816' title='bbox 1266 5746 1504 5825; x_wconf 41' lang='lat' dir='ltr'><strong>vitians.</strong></span> 
     </span>
    </p>
   </div>
   <div class='ocr_carea' id='block_1_114' title="bbox 2055 5317 3646 5402">
    <p class='ocr_par' dir='ltr' id='par_1_114' title="bbox 2055 5317 3646 5402">
     <span class='ocr_line' id='line_1_114' title="bbox 2055 5317 3646 5402; baseline 0.011 -30"><span class='ocrx_word' id='word_1_817' title='bbox 2055 5317 2197 5372; x_wconf 91' lang='lat' dir='ltr'><strong>sium</strong></span> <span class='ocrx_word' id='word_1_818' title='bbox 2226 5320 2462 5390; x_wconf 86' lang='lat' dir='ltr'><strong>spatium</strong></span> <span class='ocrx_word' id='word_1_819' title='bbox 2512 5321 2566 5378; x_wconf 93' lang='lat' dir='ltr'><strong>in</strong></span> <span class='ocrx_word' id='word_1_820' title='bbox 2603 5322 2726 5377; x_wconf 88' lang='lat' dir='ltr'><strong>alvo</strong></span> <span class='ocrx_word' id='word_1_821' title='bbox 2759 5325 2950 5381; x_wconf 86' lang='lat' dir='ltr'><strong>matris</strong></span> <span class='ocrx_word' id='word_1_822' title='bbox 3003 5325 3258 5393; x_wconf 77' lang='lat' dir='ltr'><strong>absolvit,</strong></span> <span class='ocrx_word' id='word_1_823' title='bbox 3295 5339 3359 5385; x_wconf 89' lang='lat' dir='ltr'><strong>ut</strong></span> <span class='ocrx_word' id='word_1_824' title='bbox 3403 5334 3646 5402; x_wconf 86' lang='lat' dir='ltr'><strong>postulat</strong></span> 
     </span>
    </p>
   </div>
   <div class='ocr_carea' id='block_1_115' title="bbox 2058 5409 3642 5493">
    <p class='ocr_par' dir='ltr' id='par_1_115' title="bbox 2058 5409 3642 5493">
     <span class='ocr_line' id='line_1_115' title="bbox 2058 5409 3642 5493; baseline 0.011 -29"><span class='ocrx_word' id='word_1_825' title='bbox 2058 5409 2298 5466; x_wconf 85' lang='lat' dir='ltr'><strong>humana</strong></span> <span class='ocrx_word' id='word_1_826' title='bbox 2335 5421 2552 5468; x_wconf 89' lang='lat' dir='ltr'><strong>natura.</strong></span> <span class='ocrx_word' id='word_1_827' title='bbox 2577 5413 2780 5470; x_wconf 77' lang='lat' dir='ltr'><strong>Verum</strong></span> <span class='ocrx_word' id='word_1_828' title='bbox 2813 5417 3106 5473; x_wconf 89' lang='lat' dir='ltr'><strong>stultorum</strong></span> <span class='ocrx_word' id='word_1_829' title='bbox 3137 5435 3258 5490; x_wconf 89' lang='lat' dir='ltr'><strong>ora,</strong></span> <span class='ocrx_word' id='word_1_830' title='bbox 3282 5439 3404 5493; x_wconf 66' lang='lat' dir='ltr'><strong>quae</strong></span> <span class='ocrx_word' id='word_1_831' title='bbox 3437 5429 3642 5482; x_wconf 88' lang='lat' dir='ltr'><strong>nullam</strong></span> 
     </span>
    </p>
   </div>
   <div class='ocr_carea' id='block_1_116' title="bbox 2058 5503 3644 5580">
    <p class='ocr_par' dir='ltr' id='par_1_116' title="bbox 2058 5503 3644 5580">
     <span class='ocr_line' id='line_1_116' title="bbox 2058 5503 3644 5580; baseline 0.011 -22"><span class='ocrx_word' id='word_1_832' title='bbox 2058 5503 2233 5558; x_wconf 88' lang='lat' dir='ltr'><strong>labem</strong></span> <span class='ocrx_word' id='word_1_833' title='bbox 2275 5503 2332 5560; x_wconf 89' lang='lat' dir='ltr'><strong>in</strong></span> <span class='ocrx_word' id='word_1_834' title='bbox 2367 5505 2574 5562; x_wconf 81' lang='lat' dir='ltr'><strong>illibata</strong></span> <span class='ocrx_word' id='word_1_835' title='bbox 2603 5507 2679 5578; x_wconf 78' lang='lat'><strong>(5)</strong></span> <span class='ocrx_word' id='word_1_836' title='bbox 2701 5509 2979 5578; x_wconf 87' lang='lat' dir='ltr'><strong>potuerint</strong></span> <span class='ocrx_word' id='word_1_837' title='bbox 3007 5511 3276 5580; x_wconf 85' lang='lat' dir='ltr'><strong>invenire,</strong></span> <span class='ocrx_word' id='word_1_838' title='bbox 3309 5521 3644 5575; x_wconf 81' lang='lat' dir='ltr'><strong>sententiam</strong></span> 
     </span>
    </p>
   </div>
   <div class='ocr_carea' id='block_1_117' title="bbox 2077 5747 3648 5830">
    <p class='ocr_par' dir='ltr' id='par_1_117' title="bbox 2077 5747 3648 5830">
     <span class='ocr_line' id='line_1_117' title="bbox 2077 5747 3648 5830; baseline 0.014 -33"><span class='ocrx_word' id='word_1_839' title='bbox 2077 5753 2132 5799; x_wconf 84' lang='lat' dir='ltr'><strong>et</strong></span> <span class='ocrx_word' id='word_1_840' title='bbox 2162 5747 2426 5830; x_wconf 67' lang='lat' dir='ltr'><strong>natnralis</strong></span> <span class='ocrx_word' id='word_1_841' title='bbox 2455 5747 2702 5830; x_wconf 73' lang='lat' dir='ltr'><strong>defectus</strong></span> <span class='ocrx_word' id='word_1_842' title='bbox 2724 5751 3092 5820; x_wconf 78' lang='lat' dir='ltr'><strong>suspicionem</strong></span> <span class='ocrx_word' id='word_1_843' title='bbox 3126 5769 3157 5808; x_wconf 83' lang='lat' dir='ltr'><strong>a</strong></span> <span class='ocrx_word' id='word_1_844' title='bbox 3187 5755 3340 5810; x_wconf 89' lang='lat' dir='ltr'><strong>beata</strong></span> <span class='ocrx_word' id='word_1_845' title='bbox 3430 5756 3648 5830; x_wconf 72' lang='lat' dir='ltr'><strong>Virgine</strong></span> 
     </span>
    </p>
   </div>
   <div class='ocr_carea' id='block_1_118' title="bbox 435 5809 2872 5895">
    <p class='ocr_par' dir='ltr' id='par_1_118' title="bbox 435 5809 2872 5895">
     <span class='ocr_line' id='line_1_118' title="bbox 435 5809 2872 5895; baseline -0.009 -15"><span class='ocrx_word' id='word_1_846' title='bbox 569 5809 699 5895; x_wconf 73' lang='lat' dir='ltr'><strong>Vide</strong></span> <span class='ocrx_word' id='word_1_847' title='bbox 745 5831 946 5895; x_wconf 77' lang='lat' dir='ltr'><strong>quanta</strong></span> <span class='ocrx_word' id='word_1_848' title='bbox 1001 5809 1290 5895; x_wconf 74' lang='lat' dir='ltr'><strong>sedulitate</strong></span> <span class='ocrx_word' id='word_1_849' title='bbox 1342 5814 1467 5895; x_wconf 34' lang='lat'><strong>$3..</strong></span> <span class='ocrx_word' id='word_1_850' title='bbox 1509 5809 1966 5895; x_wconf 49' lang='lat' dir='ltr'><strong>Patresnomnent</strong></span> <span class='ocrx_word' id='word_1_851' title='bbox 2079 5815 2502 5884; x_wconf 71' lang='lat' dir='ltr'><strong>propulsandam</strong></span> <span class='ocrx_word' id='word_1_852' title='bbox 2536 5809 2872 5877; x_wconf 59' lang='grc' dir='ltr'>θχίειίηηηίε,</span> 
     </span>
    </p>
   </div>
   <div class='ocr_carea' id='block_1_119' title="bbox 373 5882 1968 5961">
    <p class='ocr_par' dir='ltr' id='par_1_119' title="bbox 373 5882 1968 5961">
     <span class='ocr_line' id='line_1_119' title="bbox 373 5882 1968 5961; baseline -0.009 -11"><span class='ocrx_word' id='word_1_853' title='bbox 373 5882 682 5950; x_wconf 68' lang='grc' dir='ltr'>ῐιόιιίιιοιίο</span> <span class='ocrx_word' id='word_1_854' title='bbox 711 5882 916 5961; x_wconf 74' lang='lat' dir='ltr'><strong>peccati</strong></span> <span class='ocrx_word' id='word_1_855' title='bbox 945 5891 1217 5944; x_wconf 87' lang='lat' dir='ltr'><strong>maculam</strong></span> <span class='ocrx_word' id='word_1_856' title='bbox 1235 5902 1357 5955; x_wconf 75' lang='lat' dir='ltr'><strong>quae</strong></span> <span class='ocrx_word' id='word_1_857' title='bbox 1384 5887 1622 5940; x_wconf 88' lang='lat' dir='ltr'><strong>animatn</strong></span> <span class='ocrx_word' id='word_1_858' title='bbox 1653 5882 1846 5949; x_wconf 89' lang='lat' dir='ltr'><strong>inlicit,</strong></span> <span class='ocrx_word' id='word_1_859' title='bbox 1873 5882 1968 5938; x_wconf 81' lang='lat' dir='ltr'><strong>sed</strong></span> 
     </span>
    </p>
   </div>
  </div>
