4026 6382
389 281 426 344 '1
435 280 537 344 487

1476 280 1536 338 So
1595 280 1901 340 TAl‘tASlI
1945 283 2451 344 PA'I‘RIARCHEE
2483 284 2588 345 (ΣΡ.

3533 289 3665 356 MSS

397 389 540 443 hanc
575 386 872 458 Scriptura:
919 383 1246 440 allinxerunt
1275 401 1304 439 a
1352 399 1482 438 vero
1531 396 1792 457 rectoque
1819 404 1980 444 sensu

2088 409 2174 446 τον
2200 392 2290 446 τὸν
2312 393 2471 460 λόγον
2489 395 2555 464 τῇ
2585 393 2776 465 Γραφῇ
2806 393 3159 466 περιέθηκαν,
3190 394 3380 468 πόρρω
3405 395 3508 466 τῆς
3536 396 3662 468 άλη-

395 481 720 550 longissime
750 479 1158 534 abhorrentem.
1187 477 1292 532 Sed
1324 493 1426 532 nec
1465 478 1738 548 quispiam
1777 495 1808 534 e
1842 481 1980 536 sim-

383 573 720 641 plicioribus
769 573 916 626 illam
969 571 1153 626 animo
1200 569 1464 636 imbibat;
1523 572 1670 640 quod
1719 573 1867 626 enim
1915 574 1981 628 ad

383 664 784 732 prudentiores
845 671 1078 732 spectat,
1127 661 1387 717 existimo
1445 677 1542 719 eos
1584 678 1665 718 ne
1723 677 1982 732 passuros

394 755 638 822 quidem,
671 761 732 808 ut
755 753 840 808 vel
864 753 996 823 ipsis
1019 753 1246 808 auribus
1271 753 1378 808 tale
1403 743 1663 823 quiddam
1689 754 1978 818 hauriant;

397 851 525 915 quia
557 845 856 917 Scripturae
884 847 1049 901 verba
1080 845 1328 902 studiose
1366 847 1605 916 legentes
1626 861 1748 901 eam
1779 847 1983 902 divinis

398 938 655 992 sensibus
684 939 1136 1007 inter-pretantur,
1177 937 1299 992 etsi
1335 937 1556 1016 quando
1594 939 1648 992 in
1687 938 1804 1006 ipsa
1830 938 1981 993 ziza-

400 1029 544 1080 niam
592 1027 660 1082 ab
696 1027 940 1082 inimicis
983 1026 1398 1082 disseminatam
1441 1028 1738 1098 reperient,
1775 1039 1834 1084 ut
1883 1031 1982 1085 lilii

397 1117 657 1173 Ecclesia:
685 1105 902 1188 penitus
933 1120 1263 1189 exstirpant.
1360 1137 1368 1143 ·

472 1207 583 1264 VII.
625 1206 728 1265 Sed
769 1225 918 1265 nunc
958 1211 1025 1264 ad
1069 1210 1412 1281 propositum
1457 1220 1820 1274 revertamur,
1849 1223 1983 1268 nar-

394 1301 629 1356 rationis
663 1301 884 1368 seriem,
919 1313 1084 1371 atque
1110 1317 1172 1356 ea
1207 1318 1328 1372 quae
1366 1305 1434 1357 ad
1479 1303 1825 1358 nativitatem
1855 1319 1983 1373 spe-

390 1400 584 1456 etant,
629 1403 1012 1462 percurrentes
1058 1404 1224 1464 atque
1277 1394 1634 1465 explicantes.
1663 1395 1799 1450 Cum
1838 1395 1981 1450 enim

383 1483 762 1552 praenuntiata
795 1485 1004 1538 exitum
1059 1486 1351 1556 perspicue
1379 1487 1731 1550 habuissent,
1783 1497 1838 1542 et
1877 1487 1981 1541 im-

397 1575 669 1630 maculata
704 1576 882 1646 puella
907 1591 972 1632 ac
1000 1575 1230 1632 Dei'lilia
1259 1578 1335 1648 (4)
1361 1594 1391 1632 a
1415 1579 1582 1648 justis
1614 1577 1904 1636 Joachimo
1931 1587 1986 1634 et

393 1669 553 1720 'Arma
595 1666 800 1722 'fnisset
842 1667 1226 1738 progenita,hi
1273 1669 1420 1723 serio
1460 1683 1685 1739 operam
1726 1684 1983 1740 posuere,

397 1768 457 1811 ut
491 1758 790 1813 liberarent
816 1759 1076 1829 promissi
1118 1759 1313 1814 ‘tidem.
1359 1759 1528 1828 Igitur
1564 1761 1761 1815 licebat
1797 1760 1986 1816 videre
2017 1750 2058 1806 Β

395 1851 540 1920 piam
569 1850 781 1904 Annam
815 1851 1200 1915 exsultantem,
1242 1865 1304 1905 ac
1338 1851 1686 1921 gestientem,
1717 1861 1773 1909 et
1801 1850 1983 1924 Virgi-

395 1956 520 1996 nem
549 1943 700 1998 hisce
735 1942 916 1998 verbis
948 1941 1305 2000 festivissime
1341 1944 1760 2014 compcllantem
1801 1961 1814 1998 :
1847 1943 1984 2010 Quis

395 2026 642 2102 dixisset,
663 2035 792 2099 tilia,
819 2050 883 2089 ex
911 2049 996 2089 me
1027 2045 1077 2089 te
1109 2035 1471 2105 prodituram,
1496 2053 1618 2104 quae
1642 2038 1797 2092 beata
1827 2053 1982 2094 com-

393 2136 696 2182 monstrata
737 2141 795 2183 es
822 2127 874 2180 in
919 2127 1300 2196 generationes
1343 2129 1810 2198 generationnm?
1847 2129 1984 2196 Quis

395 2231 447 2276 te
473 2221 614 2276 inter
645 2235 794 2276 meas
842 2221 1000 2276 ulnas
1059 2221 1334 2292 aspiciens
1391 2221 1474 2276 lac
1519 2229 1828 2294 sugentem,
1862 2237 1973 2278 non

391 2315 546 2369 illum
578 2315 903 2378 laudaverit,
933 2314 1026 2384 qui
1082 2323 1136 2370 te
1169 2314 1322 2369 dedit
1371 2315 1506 2370 mihi
1546 2315 1900 2371 fecunditatis
1929 2326 1986 2371 et

391 2408 565 2478 prolis
599 2405 1006 2478 esperti?Quis
1039 2405 1260 2462 intuens
1295 2409 1410 2462 haec
1438 2407 1606 2462 ubera
1631 2407 1803 2475 laete,
1833 2409 1982 2478 quod

393 2515 675 2570 nunquam
717 2499 1044 2564 emiserant,
1091 2499 1204 2570 jam
1260 2498 1660 2564 redundantia,
1704 2513 1814 2554 non
1856 2514 1982 2554 eum

383 2589 682 2660 .maguilice
707 2590 912 2656 efferat,
949 2590 1040 2660 qui
1076 2606 1106 2644 ο
1147 2591 1286 2646 duro
1330 2589 1482 2645 silice
1509 2605 1668 2660 aqua:
1696 2590 1981 2646 scatebras

385 2683 594 2738 sitienti
625 2682 824 2752 populo
860 2681 1094 2737 elicuit?
1123 2679 1228 2735 Sed
1263 2681 1420 2746 veni,
1451 2680 1584 2746 ﬁlia,
1623 2682 1700 2736 ad”
1727 2697 1853 2747 eum
1887 2682 1982 2752 qui

391 2782 445 2828 te
475 2773 610 2828 mihi
659 2773 922 2851 elargitns
958 2782 1060 2827 est.
1113 2771 1271 2837 Veni,
1321 2787 1452 2828 arca
1509 2771 1982 2838 sanctiﬁcationis,

393 2866 459 2920 ad
482 2863 866 2920 misericordiae
895 2863 1209 2918 Dominum.
1233 2860 1393 2928 Veni,
1421 2872 1575 2933 porta
1607 2861 1806 2917 divinae
1835 2861 1980 2926 vitae,

391 2955 808 3020 veniytha‘lame
841 2955 1024 3018 Verbi,
1069 2953 1135 3023 ad
1168 2954 1428 3023 templum
1461 2951 1700 3008 Domini.
1748 2951 1894 3006 Intra
1926 2951 1980 3006 in

395 3048 652 3118 gaudium
685 3046 926 3109 Domini,
983 3055 1036 3100 tu
1088 3044 1279 3099 mundi
1332 3043 1589 3114 gaudium
1630 3053 1686 3098 et
1730 3043 1977 3098 exsulta-

379 3143 492 3197 tio.
527 3141 731 3196 Fruere
759 3139 880 3208 ejus
908 3137 1334 3208 pulchritudine,
1367 3150 1527 3206 quem
1558 3149 1667 3188 non
1703 3134 1778 3189 ita
1805 3134 1978 3188 multo

393 3244 518 3305 post
558 3237 799 3288 luunaua
823 3231 1002 3286 forma
1032 3230 1283 3285 indutum
1312 3229 1512 3300 paries.
1539 3228 1653 3299 Ego
1673 3243 1804 3282 vero
1825 3228 1984 3283 beata

395 3343 539 3391 sum,
559 3341 682 3397 qua:
697 3325 830 3380 talis
854 3324 976 3378 tiliae
1001 3331 1174 3378 mater
1193 3321 1486 3394 praedicor.
1509 3319 1984 3397 Congratulamini

395 3391 791 3482 mihiitribus
842 3402 1113 3480 lsraclisf
1148 3391 1411 3484 quoniam
1473 3421 1598 3482 post
1639 3391 1982 3468 sterilitatem

396 3523 571 3569 mater
607 3527 729 3568 sum
763 3509 883 3580 ejus
915 3508 1130 3574 effecta,
1163 3521 1286 3577 qua:
1319 3513 1495 3561 mater
1541 3503 1809 3560 Altissimi
1835 3519 1978 3560 con-

376 3607 674 3662 .stituetur.
715 3602 1022 3675 Exsurgite,
1058 3601 1296 3670 virgines
1333 3596 1574 3654 ferentes
1603 3596 1904 3666 lampades,
1932 3605 1986 3649 et

397 3698 587 3768 praeite
611 3697 1019 3752 itnmaculatam
1061 3692 1338 3764 Virginem
1365 3737 1380 3760 ,
1413 3699 1467 3746 et
1491 3690 1586 3745 Dei
1617 3690 1806 3744 tiliam.
1839 3688 1984 3744 Can-

379 3799 507 3846 -tatc
535 3791 584 3844 ei
609 3791 663 3842 in
697 3789 874 3854 laude,
917 3787 1133 3857 psallite
1169 3784 1272 3855 ipsi
1321 3785 1375 3840 in
1407 3784 1641 3848 cithara,
1683 3785 1980 3839 acclamate

389 3884 476 3938 illi
503 3898 630 3938 cum
655 3883 867 3938 cantico
889 3878 1180 3952 spirituali,
1202 3879 1464 3949 psalterio
1494 3877 1842 3932 decachordo
1860 3891 1981 3932 eam

399 3977 768 4047 magnilicate.
789 3975 870 4029 Tu
895 3987 1134 4050 quoque,
1154 3969 1322 4025 David
1345 3968 1442 4025 Dei
1465 3969 1802 4039 progenitor,
1825 3969 1982 4039 puel-

377 4071 504 4124 'Iam
542 4067 702 4122 lattda
730 4064 1032 4137 profectam
1055 4063 1123 4118 de
1143 4062 1316 4132 stirpe
1340 4068 1454 4128 tua,
1485 4069 1541 4114 et
1567 4060 1980 4130 magniloquunt

399 4167 662 4234 hymnum
693 4159 846 4223 eller,
881 4157 963 4212 sic
1017 4155 1368 4227 inquiens”:
1401 4153 1562 4217 Audi,
1594 4152 1733 4222 ﬁlia,
1765 4161 1815 4207 et
1844 4153 1981 4219 vide,

395 4265 444 4308 ct
469 4253 668 4308 inclina
691 4267 872 4306 aurem
915 4261 1083 4313 tuam,
1109 4257 1158 4301 et
1195 4245 1500 4310 obliviscere
1529 4244 1781 4314 populum
1813 4253 1983 4310 tuum,

397 4359 446 4402 et
500 4347 712 4400 domum
765 4345 934 4414 patris
985 4343 1086 4408 tui,
1129 4349 1178 4395 el
1231 4339 1563 4407 concupiscet
1613 4353 1706 4392 rex
1746 4338 1984 4392 decorem

398 4451 572 4494 tuum.
623 4453 628 4460 ’

469 4530 605 4586 Vlll.
640 4530 776 4586 Cum
809 4529 926 4583 haec
957 4526 1175 4595 aliaque
1204 4525 1400 4578 borum
1431 4522 1632 4578 similia
1656 4521 1810 4576 Anna
1855 4537 1981 4593 gra—

397 4629 487 4682 tiae
515 4623 860 4696 cognominis
886 4622 1140 4684 dixisset,
1169 4619 1470 4689 pretiosum
1510 4617 1661 4670 illum
1690 4615 1980 4670 Trinitatis

397 4724 746 4782 thesaurum,
780 4727 891 4772 tres
949 4729 1124 4769 annos
1180 4719 1365 4767 natam
1437 4707 1714 4779 Virginem
1769 4707 1982 4778 Deique

397 4824 628 4870 matrem
672 4811 726 4866 in
781 4807 1042 4878 templum
1092 4804 1309 4860 Domini
1361 4802 1668 4858 laetabunda
1733 4799 1978 4862 deduxit,

396 4915 452 4960 et
505 4919 629 4960 cum
653 4898 1204 4969 Joachimobymnos
1238 4896 1289 4950 in
1339 4891 1640 4964 gratiarum
1705 4890 1978 4944 actionem

399 4999 708 5060 elfundens',
770 4999 1182 5060 convocatoque
1235 4987 1506 5058 virginum
1551 4991 1696 5038 cmtu
1757 4989 1982 5052 gestan-

403 5095 536 5146 tium
568 5088 738 5152 faces,
771 5086 978 5141 aditum
1015 5084 1108 5152 qui
1138 5081 1290 5136 ducit
1319 5079 1383 5134 ad
1409 5077 1609 5132 Sancta
1665 5083 1983 5129 sanctorum

403 5183 710 5252 occupavit.
737 5180 917 5249 Atque
941 5177 1015 5232 ibi
1044 5174 1389 5238 Zachariam,
1415 5169 1617 5242 quippe
1648 5168 1741 5238 qui
1778 5181 1833 5222 et
1863 5179 1991 5236 pro-

404 5277 564 5348 pheta
593 5283 792 5331 eratet
823 5269 1082 5327 sacerdos
1115 5278 1172 5324 et
1197 5263 1650 5337 consanguineus
1697 5269 1753 5316 et
1813 5258 1987 5315 admi-

404 5369 574 5424 nister
601 5365 827 5437 legitimi
865 5359 1202 5425 testamenti,
1227 5357 1602 5414 venerandum
1632 5351 1768 5410 illud
1792 5348 1986 5420 conju-

474 5474 518 5508 ¹⁸
547 5473 696 5530 Psal.
730 5487 878 5534 κων,
947 5471 1039 5536 Η,
1096 5469 1187 5524 12.

474 5591 552 5662 (li)
584 5588 902 5662 Cuicunque
929 5579 1301 5639 ecclesiastica
1333 5573 1844 5662 Graecorumoﬂ‘i‘cia
1858 5585 1993 5662 per:

2083 483 2234 547 Θείας
2267 485 2364 538 καὶ
2393 485 2490 538 τοῦ
2523 484 2684 554 ὀρθοῦ
2727 485 3017 539 πίπτοντα.
3052 487 3161 540 Καὶ
3197 487 3381 556 μηδεὶς
3434 487 3660 542 καταδέι

2082 575 2241 646 ξηται
2291 575 2402 629 τῶν
2451 576 2866 649 ἀφελεστέρων·
2931 577 3058 642 τοὺς
3114 577 3222 649 γὰρ
3271 578 3664 648 εὖφρονοῦντας

2083 667 2389 737 πέπεισμαι
2429 669 2567 735 μηδὲ
2615 667 2812 740 μέχρις
2852 669 3032 722 ἀκοῶν
3073 687 3204 722 ποτε
3237 669 3298 722 τὸ
3327 669 3478 741 ῥῆμα
3510 671 3668 724 τοῦτο

2084 759 2428 814 ὑπεισελθείν
2451 801 2466 826 ,
2499 761 2580 814 ὃτι
2607 762 2675 815 τὰ
2703 761 2806 831 τῆς
2835 761 3060 832 Γραφῆς
3089 760 3366 832 ἐπιμελῶς
3396 761 3667 830 άναγινὼο

2084 867 2326 916 σκοντες,
2365 854 2582 924 νοήσεσι
2631 853 2803 917 θείαις
2835 853 3038 924 ταύτην
3061 853 3524 926 ὲφέρμηνεύουσι.
3557 854 3670 909 Καὶ

2081 943 2211 996 ὅταν
2255 943 2313 996 ἐν
2355 943 2493 1016 αὐτῇ
2521 942 2760 1008 ζιζάνιον
2787 943 3020 1016 εὕρωσιν
3047 946 3112 999 ἐκ
3136 945 3246 998 τῶν
3272 943 3483 1017 ἐχθρῶν
3513 963 3669 999 σπει·

2083 1033 2338 1104 ρόμενον,
2386 1035 2461 1098 ὡς
2507 1035 2676 1088 τέκνα
2727 1025 2828 1106 τῆς
2863 1028 3190 1108 Ἐκκλησίας
3237 1035 3462 1100 τελείως
3504 1037 3664 1090 ἐκκό-

2082 1139 2220 1176 πτου
2226 1140 2328 1178 σιν.
3037 1145 3040 1148 ’

2155 1218 2229 1271 Z'.
2267 1216 2406 1270 Ἀλλ’
2437 1217 2532 1271 ἐπῒ
2577 1218 2640 1272 τὸ
2685 1218 3058 1289 προκείμενον
3106 1219 3532 1290 ἐπανέλθωμεν,
3577 1220 3672 1273 τὸν

2084 1311 2275 1382 εἱρμὸν
2303 1311 2404 1382 τῆς
2435 1313 2744 1384 διηγήσεως
2768 1313 2862 1366 καὶ
2887 1313 2984 1383 τῆς
3013 1315 3322 1385 γεννήσεως
3345 1313 3673 1375 διοδεύοντες

2085 1404 2182 1457 καὶ
2209 1403 2566 1476 ἐξηγούμενοι
2586 1421 2601 1436 ⁸
2637 1406 2746 1459 τῶν
2774 1407 2882 1477 γὰρ
2913 1407 3176 1478 ῥημάτων
3203 1405 3293 1459 διὰ
3327 1406 3673 1477 πραγμάτων

2085 1499 2164 1560 είς
2209 1497 2520 1566 τούμφανὲς
2547 1497 2812 1552 ἐλθόντων
2834 1539 2848 1561 ,
2879 1497 2977 1552 καὶ
3005 1501 3106 1570 τῆς
3143 1497 3380 1568 ἀμώμου
3414 1497 3509 1550 καὶ
3547 1495 3672 1549 θεό-

2087 1591 2278 1655 παιδος
2321 1591 2512 1662 κόρης,
2541 1593 2606 1645 ἐκ
2635 1591 2744 1644 τῶν
2779 1591 3006 1646 δικαίων
3043 1589 3300 1662 Ἰωακεὶμ
3343 1591 3438 1644 καὶ
3469 1591 3672 1658 ’Λννης

2086 1684 2497 1754 γεγεννημένης
2521 1723 2534 1748 ,
2569 1684 2664 1737 καὶ
2695 1684 2792 1746 τὰς
2821 1683 3145 1754 ὑποσχέσεις
3173 1681 3354 1738 αὐτῶν
3384 1679 3673 1752 ἐκπληρίιῐιο⁴

2089 1791 2180 1827 σαι
2235 1775 2670 1840 ἐσπουδακότων,
2719 1771 2788 1847 ἦν
2843 1777 2971 1830 ἰδεῖν
3023 1777 3123 1844 τὴν
3169 1775 3437 1846 θεόφρονα
3468 1775 3674 1826 Ἅνναν

2083 1864 2500 1939 ἀγαλλιωμένην
2549 1869 2644 1921 καὶ
2683 1868 2996 1938 σκιρτῶσαν
3047 1867 3142 1922 καὶ
3197 1867 3498 1939 χαριέντως
3534 1865 3677 1936 πρὸς

2083 1954 2181 2025 τὴν
2212 1956 2492 2028 Παρθένον
2519 1956 2788 2025 λέγουσαν
2809 1973 2822 1987 ⁸
2851 1957 2948 2021 Τίς
2981 1957 3166 2026 ἔλεγεν
3191 1956 3250 2022 ἐξ
3283 1956 3416 2028 ἐμοῦ
3451 1972 3534 2019 σε,
3570 1955 3670 2008 θύ-

2084 2066 2275 2122 γατερ,
2309 2051 2596 2122 προελθεῖν
2645 2053 2744 2124 τήν
2798 2055 2857 2107 ἐν
2907 2055 3124 2122 γενεαῖς
3153 2051 3358 2121 γενεῶν
3389 2051 3676 2121 μακαρίαν

2083 2143 2534 2215 ἀποδειχθεῖσαν;
2568 2144 2666 2208 Τίς
2709 2147 2768 2198 ἐν
2809 2146 2923 2209 τοῖς
2958 2143 3182 2208 κόλποις
3214 2161 3318 2214 μου
3351 2141 3572 2214 θεωρῶν
3609 2158 3674 2194 σε

2083 2235 2550 2308 γαλουχουμὲνην,
2585 2236 2660 2308 μὴ
2699 2236 2914 2302 δοξάσει
2955 2237 3047 2290 τὸν
3081 2238 3141 2290 σέ
3181 2254 3272 2306 μοι
3299 2235 3675 2307 χαρισάμενον

2082 2328 2149 2396 τῇ
2185 2326 2375 2398 στείρᾳ
2402 2326 2496 2380 καὶ
2521 2327 2730 2398 ἁτέκνιρ
2755 2344 2769 2392 ;
2799 2327 2896 2391 Τίς
2918 2327 3045 2391 τοὺς
3078 2327 3320 2398 μαστοὺς
3341 2326 3470 2388 τοὺς
3504 2324 3676 2394 μήπω

2081 2417 2227 2486 γάλα
2261 2417 2566 2488 βλύσαντας
2601 2417 2743 2488 δρῶν
2775 2417 2878 2488 ήδη
2913 2415 3284 2487 πηγάζοντας,
3318 2414 3394 2488 μὴ
3429 2413 3677 2484 μεγαλυ-

2081 2494 2168 2562 vei
2191 2509 2282 2563 τὸν
2317 2509 2377 2576 ἐξ
2405 2509 2716 2579 ἀκροτόμου
2755 2511 2960 2579 πέτρας
2983 2507 3260 2578 βλύσαντα
3287 2506 3356 2560 τὰ
3385 2505 3555 2560 ὕδατα
3595 2503 3677 2576 τῷ

2081 2601 2307 2670 διψῶντι
2337 2601 2485 2673 λαῷ;
2519 2601 2684 2655 Ἀλλά
2715 2601 2898 2672 δεῦρο,
2925 2599 3184 2670 θύγατερ,
3215 2599 3354 2669 πρὸς
3374 2598 3466 2652 τδν
3494 2598 3552 2650 σέ
3575 2612 3675 2668 μοι

2085 2698 2466 2765 παρασχόντα·
2505 2692 2684 2764 δεῦρο,
2735 2692 2878 2763 πύλη
2914 2692 3015 2763 τῆς
3065 2691 3216 2754 θείας
3261 2689 3442 2760 ζωῆς·
3489 2687 3674 2760 δεῦρο,

2083 2787 2300 2852 παστὰς
2345 2785 2440 2840 τοῦ
2471 2787 2646 2855 Λόγου
2668 2827 2683 2852 ,
2717 2786 2854 2856 πρὸς
2893 2785 2984 2840 τὸν
3017 2786 3146 2839 ναὸν
3180 2784 3412 2856 Κυρίου.
3447 2781 3676 2836 Εῐσελθε

2083 2882 2164 2946 είς
2190 2881 2290 2954 τὴν
2320 2879 2502 2952 χαρὰν
2530 2879 2626 2934 τοῦ
2659 2879 2866 2949 Κυρίου
2886 2919 2902 2942 ,
2941 2880 2974 2948 ἡ
3009 2877 3104 2930 τοῦ
3155 2877 3364 2948 κόσμου
3395 2873 3542 2948 χαρά
3580 2875 3678 2930 καὶ

2083 2972 2434 3044 ἀγαλλίασις·
2481 2972 2792 3027 ἀπόλαυσον
2834 2972 3026 3025 τούτου
3071 2970 3554 3044 τῆςὼραιότητος,
3586 2970 3680 3023 ὃν·

2085 3085 2192 3140 περ
2220 3069 2356 3140 μετὰ
2413 3067 2608 3136 μικρὸν
2665 3064 2841 3133 τέξεις
2902 3064 2978 3128 ὡς
3030 3063 3357 3134 ἄνθρωπον·
3421 3063 3678 3134 μακαρία

2085 3163 2226 3235 εἰμὶ,
2255 3164 2338 3217 ὅτι
2383 3162 2642 3234 τοιαύτης
2684 3162 2958 3234 θυγατρὸς
3009 3163 3192 3232 μήτηρ
3241 3160 3625 3238 ἀνηγόρευμαι
3657 3176 3674 3191 ·

2087 3257 2404 3330 συγχάρητέ
2439 3273 2552 3327 μοι,
2590 3255 2756 3322 φυλαὶ
2780 3255 2876 3310 τοῦ
2907 3256 3150 3326 Ἰσραὴλ,
3174 3255 3258 3308 ὅτι
3289 3251 3428 3325 μετὰ
3452 3255 3676 3334 στείρω-

2088 3368 2174 3406 σιν
2204 3351 2390 3422 μήτηρ
2417 3349 2804 3420 ἀναδέδειγμαι
2821 3348 2920 3416 (5),
2940 3349 3061 3419 ἥτις
3088 3347 3535 3418 ἀναδειχθήσεται
3569 3353 3676 3420 μή·

2084 3459 2192 3515 τηρ
2238 3442 2334 3496 τοῦ
2381 3441 2662 3512 Ὑψίστου.
2717 3425 3036 3510 Ἓξάρξατε,
3081 3437 3339 3510 παρθένοι
3377 3439 3676 3512 λαμπαδη-

2087 3535 2267 3608 φόροι,
2295 3536 2390 3590 καὶ
2445 3532 2854 3605 προπορεύεσθε
2901 3531 3214 3601 ἔμπροσθεν
3261 3532 3358 3602 τῆς
3400 3532 3674 3603 ἀμιάντου

2087 3627 2367 3698 Παρθένου
2419 3627 2514 3679 καὶ
2567 3623 2883 3687 θεόπαιδος’
2918 3623 3085 3695 ᾇσατε
3123 3623 3261 3694 αὐτῇ
3315 3625 3371 3678 ἐν
3423 3624 3672 3677 αἰνέσει·

2085 3719 2295 3790 ψάλατε
2321 3719 2459 3790 αὐτῇ
2509 3717 2566 3770 ὲν
2612 3716 2818 3788 κιθάρᾳ
2837 3731 2852 3747 ⁸
2883 3714 3186 3790 ἀλαλάξατε
3213 3715 3352 3785 αὐτῇ
3385 3705 3504 3785 μετ’
3525 3715 3676 3786 ᾠδῆς

2088 3787 2502 3885 πνευματικῆς·
2541 3793 2882 3882 μεγαλύνατε
2925 3811 2983 3861 ἐν
3025 3787 3312 3880 ψαλτηρίῳ
3337 3795 3672 3880 δεκαχόρδῳ.

2089 3902 2278 3968 Δαυῖδ,
2309 3902 2548 3964 αίνεσον,
2581 3897 2887 3967 Θεοπάτορ,
2917 3895 3014 3968 τὴν
3037 3897 3102 3949 ἐκ
3127 3895 3299 3966 φυλῆς
3331 3912 3424 3948 σου
3453 3896 3673 3950 ἀναδει.

2087 3994 2310 4066 χθεῖσαν
2330 3993 2520 4064 κόρην,
2547 3989 2882 4062 ύμνολογῶν,
2906 3987 3226 4058 μεγαλογῶν
3245 3986 3673 4061 μεγαλοφώνως,

2090 4086 2183 4140 κα)⁴
2212 4083 2418 4153 λέγων’
2459 4083 2776 4144 Ἄκουσον,
2821 4079 3102 4147 θύγατερ,
3131 4077 3231 4131 καὶ
3256 4077 3346 4130 ιδε
3365 4119 3379 4144 ,
3414 4079 3512 4132 καὶ
3543 4078 3674 4132 κλῖ-

2083 4191 2200 4230 νον
2227 4173 2293 4228 τὸ
2327 4168 2438 4240 οὖς
2471 4188 2610 4236 σου,
2641 4169 2743 4223 καί
2765 4167 3054 4224 ἐπιλάθου
3084 4167 3190 4222 τοῦ
3223 4165 3378 4222 ,λαοῦ
3413 4183 3554 4235 σου,
3575 4169 3674 4222 καὶ

2089 4267 2194 4322 τοῦ
2226 4265 2399 4320 οἷκον
2424 4265 2529 4318 τοῦ
2559 4263 2780 4330 πατρός
2814 4276 2953 4328 σου,
2977 4259 3075 4316 καὶ
3105 4257 3466 4328 ἐπιθυμήσει
3495 4263 3528 4314 ό
3552 4261 3674 4324 ,βα-

2089 4361 2304 4426 σιλεὺς
2329 4358 2436 4423 τοῦ
2458 4357 2728 4420 κάλλους
2757 4369 2892 4408 σου.

2159 4544 2241 4598 Η’.
2277 4539 2463 4594 Ταῦτα
2491 4537 2585 4591 καὶ
2617 4535 2687 4589 τά
2717 4533 2928 4596 τούτοις
2981 4533 3143 4603 ὃμοια
3205 4533 3238 4601 ἡ
3291 4532 3672 4604 χαριτὼνυμος

2094 4639 2266 4690 ’Ἄννα
2293 4631 2518 4698 λέξασα,
2547 4631 2609 4682 τὸ
2645 4629 2746 4696 τῆς
2775 4625 3008 4698 Τριάδος
3039 4623 3345 4696 κειμήλιον,
3406 4621 3674 4694 χαίρουσα

2089 4731 2157 4800 τῇ
2191 4727 2356 4796 σαρκὶ
2387 4721 2764 4796 τριετίζουσαν
2791 4717 2890 4786 τὴν
2923 4714 3199 4786 Παρθένον
3251 4713 3348 4766 καὶ
3411 4711 3674 4764 Θεοτόκον

2089 4821 2170 4883 είς
2209 4817 2303 4870 τὸν
2333 4813 2458 4868 ναὸν
2484 4811 2692 4882 Κυρίου
2723 4807 3066 4880 προέπεμψε,
3099 4805 3192 4860 καὶ
3221 4801 3454 4873 σὺν,τῷ
3529 4803 3678 4855 Ἰωα-

2079 4913 2217 4982 κεὶμ
2249 4907 2392 4980 ᾠδὰς
2425 4902 2883 4976 εὐχαριστηρίους
2913 4898 3339 4969 άνατιέμπουσα,
3375 4895 3467 4949 καὶ
3503 4893 3675 4964 δῆμον

2083 5001 2193 5056 τῶν
2260 4995 2546 5068 παρθένων
2593 4987 3130 5062 λαμπαδηφοροῧντα
3192 4983 3673 5054 συγκαλεσαμένη,

2087 5090 2359 5148 κατέλαϐε
2409 5089 2480 5142 τά
2506 5085 2616 5140 τῶν
2649 5085 2821 5152 ἁγίων
2851 5083 3020 5149 ’Ἅγια
3044 5097 3058 5110 ”
3093 5079 3190 5132 καὶ
3243 5079 3336 5132 τὸν
3399 5075 3676 5147 Ζαχαρίαν

2088 5183 2447 5257 χαρμονικοῖς
2479 5179 2702 5252 χείλεσι,
2735 5175 2832 5229 καὶ
2863 5171 3187 5242 ἀγαλλιάσει
3241 5170 3528 5241 στόματος,
3580 5169 3677 5222 ἅτε

2095 5278 2384 5352 προφήτην
2438 5274 2534 5330 καὶ
2567 5272 2720 5342 ίερέα
2775 5270 2869 5325 καί⁸
2906 5265 3146 5336 συγγενῆ
3206 5266 3304 5320 καὶ
3365 5262 3674 5335 λειτουργὸν

2095 5373 2193 5445 τῆς
2216 5369 2446 5442 νομικῆς
2478 5365 2768 5438 διαθήκης,
2797 5360 3190 5434 προσεκαλεῖτο
3217 5360 3252 5433 ή
3273 5356 3428 5428 τιμία
3447 5354 3677 5428 ξυνωρὶς

2172 5567 2248 5648 (εξ)
2281 5562 2660 5648 Sumendae
2686 5553 3290 5648 -V‘E‘?_‘l’.".i‘f_‘5fll‘,322
3324 5547 3673 5648 elateri:

474 5619 552 5662 νη
584 5619 902 5654 humu-lum:
929 5619 1301 5639 σιωυσιασιινα
1335 5619 1542 5635 νιυυνν.
1559 5619 1647 5658 υτ.
1671 5619 1844 5654 vnum...
1871 5619 1959 5656 ιη...

405 5663 632 5718 solventi
657 5655 926 5712 constabit
957 5665 1306 5710 communem
1325 5664 1448 5704 esse
1476 5659 1721 5718 omnium
1753 5645 1983 5718 orientis

2099 5619 2268 5718 inedi,
2299 5619 2380 5718 ⁵ιμ’
2399 5619 2476 5718 ἐξ..
2524 5635 2707 5718 μήτηρ
2746 5619 3130 5718 ἀναδέδειγμαί
3148 5622 3290 5697 (τῆς
3321 5619 3556 5693 ἀμώμου
3580 5619 3676 5673 καὶ

403 5701 1310 5790 misitmiﬁiaiei;itaita.
1333 5701 1643 5790 vitam
1663 5715 1915 5790 absolute
1939 5722 1983 5768 ei

2099 5707 2382 5769 θεόπαιδος
2415 5701 2630 5775 κόρης),
2663 5701 2804 5772 ἥτις.

405 5785 846 5860 antonomastice
873 5785 1074 5852 vocare
1100 5790 1324 5855 θεόπαις
1367 5788 1570 5844 Filiam
1602 5785 1722 5841 Dei.
