4026 6374
383 449 514 518 1489

1291 455 1372 516 ΙΝ
1417 455 1518 518 SS.
1567 453 1919 517 DEIPARIE
1973 456 2700 517 PRIESENTATIONEM.

3495 459 3632 521 1490

379 569 479 621 τῶν
526 567 887 638 γεννητόρων,
931 562 1141 638 βοῶσα·
1183 549 1348 640 Δὲχου
1401 569 1502 638 τὴν
1565 569 1788 640 σεμνὴν,
1851 571 1948 640 τὴν

2050 586 2179 641 gum
2235 587 2334 641 par
2368 571 2676 625 laetantibus
2706 571 2865 626 labiis
2899 578 3064 642 atque
3097 571 3208 626 oris
3263 571 3634 630 exsultatione

378 660 670 728 ἀμίαντον·
699 659 880 728 δέχου,
913 657 1083 730 ἱερεῦ,
1140 660 1236 730 τὴν
1301 661 1636 731 ἀκηλίδωτον
1703 661 1952 716 παστάδα

376 751 466 804 τοῦ
493 751 665 820 Λόγου
696 767 710 784 ·
745 748 926 822 δέχου,
992 753 1268 826 προφῆτα,
1325 753 1386 806 τδ
1435 752 1796 824 θυμιατήριον
1857 755 1948 808 τοῦ

378 843 541 896 ἁΰλου
576 841 788 910 φωτόςσ
821 841 998 914 δέχου,
1025 843 1221 908 δίκαιε,
1256 843 1318 896 τὸ
1387 845 1736 916 πυρίμορφον
1793 846 1949 919 άρμα

373 933 467 988 τού
517 935 772 1004 Ὑψίστου
799 952 812 964 ’
842 935 1022 1006 δέχου,
1062 935 1340 1006 ἄμεμπτε,
1382 935 1482 1007 τὴν
1508 937 1715 1008 ὡραίαν
1767 939 1950 1009 ἄμπε-

343 1017 484 1090 ’λον,
518 1027 642 1097 ἦτις
677 1025 973 1098 βλαστήσει
998 1027 1092 1081 τὸν
1121 1027 1348 1093 ἀείζωον
1381 1026 1575 1100 βότρυν
1605 1044 1620 1059 ·
1687 1029 1950 1098 εἰσάγαγε

374 1119 546 1188 αὐτὴν
581 1120 661 1185 εξς
688 1118 757 1172 τά
781 1119 1036 1174 ὲνδὸτατα
1065 1111 1324 1174 τοῦναοῦ
1363 1121 1568 1188 Κυρίου
1599 1137 1614 1152 ⁸
1674 1121 1952 1193 πρόσφερε

372 1210 544 1281 αὐτὴν
574 1211 655 1274 είς
687 1210 850 1265 τόπον
884 1211 1244 1280 άγιάσματος,
1275 1210 1724 1281 ὃκατειργάσατο
1747 1213 1953 1283 δ”Υψι-

376 1317 500 1363 στος
559 1303 639 1362 εἰς
669 1297 866 1356 ἑαυτοῦ
921 1303 1380 1370 κατασκήνωσινο
1449 1303 1693 1372 ἀνάγαγε
1747 1304 1952 1374 ταύτην

375 1393 456 1456 είς
483 1393 554 1448 τὰ
578 1393 766 1461 ἄδυτα,
795 1395 884 1448 τὸν
914 1393 1147 1465 ἀόρατον
1181 1397 1240 1448 ὲν
1275 1395 1456 1467 κοιλίᾳ
1480 1395 1771 1466 βαστάζειν
1799 1399 1952 1451 ἐπει-

375 1479 651 1551 γομένην·
686 1482 989 1552 μακάρισον
1017 1482 1186 1554 αΰτὴν
1213 1483 1312 1556 τὴν
1381 1485 1688 1557 μακαρίους
1744 1486 1953 1551 πάντας

377 1569 602 1640 βροτοὺς
630 1571 982 1638 ἀναδείξασαν
1014 1591 1028 1607 ο
1077 1575 1378 1646 μεγάλυνον
1429 1573 1653 1642 ταύτην,
1715 1577 1814 1648 τὴν
1845 1577 1954 1631 τῶν

377 1659 792 1734 μεγαλουργιῶν
824 1665 958 1719 Θεοῦ
991 1663 1400 1739 ἀναδειχθεῐσαν
1420 1669 1600 1740 βίϐλον
1627 1669 1950 1742 θεόγραφονο

375 1751 609 1807 ἀνάλαόε
639 1751 864 1824 ταύτην,
893 1757 991 1827 τῆς
1021 1760 1084 1809 ἐκ
1110 1754 1212 1826 τῆς
1259 1759 1602 1832 προμήτορος
1628 1755 1770 1823 Εὔας
1818 1777 1954 1814 κατ-

373 1842 514 1913 άρας
569 1845 717 1916 ἡμᾶς
773 1848 1197 1914 ἀπα).λάξασαν’
1252 1850 1490 1903 ἄσπασαι
1564 1851 1792 1923 ταύτην,
1853 1851 1952 1923 τὴν

375 1934 512 2004 πρὸς
543 1936 634 1988 τὸν
661 1937 792 1990 Θεὸν
845 1939 1222 2011 φιλανθρωπίᾳ
1258 1941 1406 2011 ἡμᾶς
1459 1941 1820 2013 συνδήσασαν,
1853 1943 1950 1997 καὶ

371 2027 474 2096 τὴν
502 2026 700 2099 ἔχθραν
728 2029 821 2082 τοῦ
851 2031 1029 2100 ὄφεως
1065 2031 1143 2100 τῷ
1173 2033 1343 2102 αὐτῆς
1375 2033 1522 2104 τόκῳ
1573 2034 1906 2089 καθελοῦσαν
1930 2053 1944 2067 ·

372 2117 668 2184 ἀγκάλισαι
704 2120 892 2192 αὐτὴν,
925 2123 1024 2193 τὴν
1051 2121 1110 2188 ἐξ
1141 2123 1398 2192 ἀγκαλῶν
1442 2125 1537 2178 τοῦ
1564 2123 1742 2194 ὄφεως
1797 2127 1949 2196 ἡμᾶς

369 2211 773 2282 ἀφαρπάσασαν
807 2229 822 2243 ·
853 2217 1231 2286 προφήτευσον
1261 2217 1392 2288 περὶ
1420 2217 1648 2290 ταύτην,
1707 2219 1806 2290 τὴν
1838 2219 1948 2274 τῶν

369 2305 663 2374 προφητῶν
696 2305 1104 2378 ἀναδειχθεῖσαν
1137 2308 1444 2380 πλήρωσιν,
1479 2309 1574 2364 καὶ
1603 2311 1702 2381 τῆς
1764 2314 1944 2382 ἐπαγ-

371 2394 558 2462 γελίας
587 2395 722 2450 Θεοῦ
749 2397 884 2468 πρὸς
915 2397 1751 2476 ἀνθρώπους-άνακεφαλαίωσιν
1775 2419 1790 2434 ο
1847 2405 1947 2476 τὴν

369 2487 646 2558 τράπεζαν
679 2489 772 2542 τού
810 2489 956 2543 θείου
991 2491 1183 2563 ἄρτου,
1221 2492 1316 2546 τὸν
1344 2489 1488 2546 οἶνον
1543 2493 1634 2548 τὸν
1671 2495 1943 2565 εύφρόσυ·

368 2594 477 2644 νον,
529 2579 628 2654 τὴν
659 2583 864 2653 τροφὴν
890 2583 986 2654 τὴν
1017 2583 1312 2651 ἀδάπανον,
1348 2585 1448 2654 τὴν
1477 2586 1812 2658 περιστερὰν
1846 2587 1946 2660 τὴν

369 2673 654 2744 ἀκεραίαν,
685 2674 776 2728 τὸν
809 2675 1036 2746 οὐρανὸν
1063 2675 1156 2728 τὸν
1185 2675 1450 2748 ἔμψυχον,
1497 2678 1594 2750 τὴν
1629 2678 1945 2750 πολύφωτω

367 2764 610 2836 λυχνίαν,
639 2767 738 2836 τὴν
766 2767 1148 2842 πολυύμνητον
1180 2769 1451 2846 ’ύμφηη
1507 2771 1606 2842 τὴν
1659 2773 1944 2828 πολύαινον

370 2858 605 2927 μητέρα,
639 2857 738 2928 τὴν
768 2857 1116 2914 θεοπότιστον
1147 2861 1352 2928 ἐλαίαν,
1381 2862 1442 2915 τὸ
1470 2861 1612 2918 θεῖον
1636 2863 1820 2940 ὄχημα
1845 2863 1946 2937 τῆς

367 2945 467 3000 τοῦ
516 2947 774 3018 Ὑψίστου
822 2948 1158 3021 οἰκονομίας,
1192 2952 1292 3022 τὴν
1348 2953 1554 3024 σκηνὴν
1599 2952 1697 3026 τὴν
1757 2955 1942 3025 ἁγίαν,

369 3033 467 3102 τὴν
523 3031 746 3104 λυχνίαν
801 3035 900 3108 τὴν
951 3037 1363 3108 θεοχάλκευτον,
1422 3041 1520 3113 τὴν
1575 3043 1791 3113 ἀμνάδα
1839 3045 1944 3117 τὴν

368 3123 614 3194 λογικὴν,
646 3124 708 3180 τδ
763 3127 1070 3199 ἱλαστήριον
1095 3129 1188 3183 τοῦ
1235 3129 1390 3198 Θεοῦ,
1419 3131 1480 3186 τὸ
1539 3133 1824 3204 κειμήλιον
1881 3134 1944 3190 τὸ

369 3213 600 3279 ἔνδοξον,
635 3215 732 3286 τὴν
761 3217 1042 3285 σάλπιγγα
1069 3218 1169 3290 τὴν
1195 3217 1414 3290 εὔηχον,
1443 3218 1504 3274 τδ
1532 3220 1675 3275 πῖον
1697 3220 1822 3292 ὅρος
1846 3223 1941 3276 καὶ
1966 3257 2010 3318 C

371 3309 796 3376 τετυρωμένον,
825 3309 914 3363 τὸν
945 3309 1087 3364 θεῖον
1115 3311 1302 3378 πόκον,
1329 3311 1428 3384 τὴν
1469 3312 1759 3385 θεόϐρυτον
1791 3315 1945 3386 νεφέ-

369 3395 486 3468 λην,
520 3397 618 3468 τὴν
641 3399 794 3454 πόλιν
817 3400 914 3471 τὴν
937 3401 1154 3474 ἔντιμον
1177 3444 1193 3469 ,
1217 3404 1278 3457 τὸ
1309 3406 1498 3477 νοητὸν
1525 3407 1944 3480 καταπέτασμα,

369 3489 460 3543 τὸν
520 3488 869 3556 θεολάξευτον
897 3492 1111 3564 λύχνον,
1157 3495 1256 3568 τὴν
1281 3495 1528 3568 κλίμακα
1555 3496 1623 3550 δι’
1645 3493 1713 3570 ἧς
1738 3500 1766 3552 ὁ
1814 3499 1948 3553 Κτί-

373 3598 504 3650 στης
547 3585 659 3646 τοῖς
697 3583 908 3654 βροτοῖς
934 3586 1254 3657 ὀφθήσεται,
1285 3587 1384 3658 τὴν
1422 3587 1610 3660 κλίνην
1635 3589 1735 3661 τὴν
1763 3591 1946 3660 ἁγίαν,

368 3672 428 3724 τὸ
475 3672 682 3743 δοχεῖον
745 3675 845 3744 τῆς
898 3675 1285 3747 χρηστότητος,
1347 3677 1448 3750 τὴν
1495 3677 1605 3732 τῶν
1656 3678 1948 3751 θαυμάτων

369 3763 624 3827 ἄϐυσσον,
655 3765 754 3837 τὴν
795 3767 980 3839 πηγὴν
1009 3767 1116 3821 τῶν
1144 3768 1384 3836 ἀγαθῶν,
1429 3770 1521 3822 τὸν
1550 3770 1748 3826 ἄσυλον
1781 3771 1946 3826 πλοῦ-

366 3871 480 3922 τον,
519 3857 618 3926 τὴν
651 3857 998 3928 πολυώνυμον
1047 3859 1141 3913 καὶ
1169 3861 1556 3914 πολυποίκιλον
1599 3864 1693 3916 καὶ
1715 3864 1950 3936 ἄειπαρ-

368 3947 521 4002 θὲνον
554 3949 837 4004 Θεοτὸκον.
869 3950 1089 4022 Ταύτην
1113 3951 1377 4022 εἰσάγαγε
1404 3954 1485 4018 είς
1517 3953 1587 4008 τὰ
1611 3954 1782 4023 ’Ἅγια
1838 3954 1949 4008 τῶν

371 4041 566 4108 ἁγίων,
598 4041 803 4113 ταύτην
853 4043 1170 4113 προσάγαγε
1225 4043 1305 4114 τῷ
1353 4044 1588 4114 βασιλεῖ,
1647 4045 1722 4110 ὡς
1778 4045 1950 4119 δῶρον

377 4133 694 4205 πολύτιμον,
723 4135 922 4204 ταύτην
943 4136 1156 4188 αἴνεσον
1180 4135 1254 4200 ὡς
1295 4135 1542 4206 βασιλίδα
1565 4137 1666 4207 τῆς
1695 4137 1946 4205 κτίσεως,

372 4223 578 4294 ταύτην
623 4226 966 4307 εύτρὲπισρν,
1005 4226 1082 4290 ὡς
1111 4227 1372 4282 παλάτιον
1402 4227 1496 4280 τοῦ
1541 4229 1947 4295 παντάνακτος,

367 4313 575 4386 ταύτην
606 4317 995 4387 ύμνολόγησον,
1029 4317 1128 4389 τὴν
1159 4318 1349 4372 πασῶν
1373 4319 1482 4372 τῶν
1538 4319 1820 4389 παρθένων
1844 4319 1950 4388 φύ-

367 4407 512 4460 λακα
544 4408 742 4462 ἄσυλον
765 4424 777 4438 ’
810 4409 1014 4480 ταύτην
1063 4394 1492 4482 κατασκήνωσον
1527 4411 1605 4476 εἰς
1637 4413 1766 4463 ναὸν
1825 4429 1945 4482 χει-

370 4498 658 4570 ροποίητον
683 4499 780 4570 τὴν
812 4499 1116 4570 γενομένην
1154 4501 1279 4555 ναὸν
1335 4501 1579 4574 ἔμψυχον
1634 4501 1726 4556 τοῦ
1773 4504 1949 4572 Λόγου

370 4591 550 4643 πάντα
565 4589 800 4662 τεκτηῦα
809 4591 970 4660 μένου
979 4631 992 4644 .

439 4682 514 4736 8'.
549 4679 716 4737 Αὖται
742 4684 836 4736 τοῦ
876 4682 1134 4752 Ἰωακεὶμ
1154 4684 1248 4736 καὶ
1301 4685 1400 4754 τῆς
1456 4687 1656 4754 νΑννης
1725 4688 1781 4740 αἱ
1810 4703 1946 4758 χαρ-

374 4777 592 4846 μονικαὶ
619 4775 919 4844 δοξολογίαι
948 4792 960 4806 ·
996 4768 1160 4830 αὗται
1182 4777 1280 4847 τῆς
1323 4777 1676 4846 εὐχαριστίας
1705 4782 1762 4833 αἱ
1791 4781 1952 4852 ὑμνο-

367 4869 588 4938 λογικαὶ
617 4866 901 4938 θεηγορίαι
945 4883 958 4896 ·
988 4861 1149 4921 αὗται
1180 4867 1318 4939 πρὸς
1363 4867 1454 4920 τὸν
1506 4871 1794 4940 προφήτην
1845 4871 1949 4926 Ζα-

371 4960 568 5030 χαρίαν
599 4961 654 5013 αί
683 4959 1154 5030 παῤῥησιαστικαὶ
1179 4959 1481 5030 μαρτυρίαι
1513 4975 1526 4987 °
1555 4957 1679 5014 ὅθεν
1703 4963 1732 5012 ὁ
1765 4961 1948 5032 ἱερεὺς

368 5052 444 5116 ὡς
478 5054 764 5122 προφήτης
794 5049 952 5116 Θεοῦ,
979 5052 1072 5104 καὶ
1103 5051 1171 5104 τὰ
1198 5050 1308 5104 τῶν
1341 5051 1510 5119 ἁγίων
1539 5051 1704 5120 ’Ἅγια
1726 5053 1786 5105 ἐν
1818 5054 1950 5123 μεθ-

367 5143 479 5208 έξει
501 5143 636 5196 Θεοῦ
687 5140 956 5208 καθελὼν,
985 5142 1131 5212 ὁρῶν
1173 5143 1273 5212 τῆς
1306 5142 1589 5212 Παρθένου
1633 5143 1728 5196 τοῦ
1757 5143 1943 5214 ὄμμα-

368 5253 460 5299 τος
489 5234 586 5305 τὴν
639 5234 925 5304 καλλονὴν,
989 5233 1086 5288 τοῦ
1137 5233 1434 5306 προσώπου
1475 5233 1535 5287 τὸ
1582 5234 1804 5306 ὡραῖον,
1849 5239 1948 5308 τῆς

367 5327 616 5398 γλώττης
647 5327 744 5398 τὴν
783 5326 1010 5392 αίνεσιν,
1044 5327 1142 5398 τῆς
1183 5327 1362 5398 ψυχῆς
1391 5327 1490 5398 τὴν
1519 5329 1821 5396 εὐγένειαν,
1853 5327 1948 5385 τοῦ

369 5419 486 5490 βίου
521 5419 583 5471 τὸ
609 5420 920 5489 ἄμεμπτον,
973 5419 1084 5472 τῶν
1117 5419 1296 5472 ποδῶν
1327 5419 1386 5472 τὸ
1425 5419 1684 5490 βάδισμα,
1723 5420 1822 5492 τὴν
1847 5439 1947 5474 κα-

368 5511 645 5580 ταστολὴν
671 5511 764 5564 τοῦ
796 5511 982 5583 ἤθους,
1029 5511 1122 5564 τοῦ
1164 5515 1440 5582 σχήματος
1462 5515 1562 5581 τὴν
1588 5513 1945 5582 εὐπρέπειαν,

368 5602 688 5673 Πνεύματος
755 5603 910 5671 άγίου
987 5601 1267 5672 πλησθεὶς,
1323 5599 1608 5672 ἐξεϐόησεν
1641 5619 1655 5634 ο
1688 5599 1760 5656 Ὦ
1811 5603 1947 5674 κόρη

367 5695 601 5764 ἁμιαντε
623 5709 638 5724 ο
669 5687 714 5747 ὦ
737 5693 977 5764 παρθένε
1015 5691 1285 5762 άμὸλυντε
1315 5709 1328 5722 ⁸
1379 5687 1423 5746 ὦ
1446 5695 1626 5756 νεᾶνις
1657 5695 1910 5762 πάγκαλε
1931 5711 1944 5726 ·

367 5781 414 5842 ὦ
447 5785 720 5855 γυναικῶν
749 5785 1026 5856 ἀγλάϊσμα
1054 5802 1066 5815 ⁸
1106 5779 1149 5838 ὦ
1181 5786 1494 5856 θυγατέροιν
1536 5786 1901 5857 καλὶύιπισμα
1927 5805 1940 5818 θ

445 5951 490 5983 ⁸³
540 5951 683 6006 Psal.
721 5967 887 6017 van,
915 5952 965 6006 7.

2051 663 2352 733 appellabat
2401 663 2680 718 clamans:
2713 662 2934 734 Accipe,
2993 679 3027 718 ο
3055 661 3341 728 Zacharia,
3381 677 3632 720 sanetam

2053 747 2462 803 immaculatam
2495 764 2510 815 ;
2538 749 2745 818 accipe,
2781 751 3467 816 sacerdos,intemeratum
3505 751 3636 808 Ver-

2050 837 2101 892 bi
2162 839 2494 904 thalamum;
2526 843 2732 911 accipe,
2770 857 2803 896 ο
2827 843 3112 912 propheta,
3153 844 3492 899 thuribulum
3551 846 3634 899 lu-

2051 927 2130 982 eis
2157 929 2224 983 ah
2279 934 2426 984 omni
2495 933 2726 988 materia
2789 944 3050 1001 secretae;
3110 937 3317 1006 accipe,
3380 953 3414 992 ο
3457 939 3630 1006 juStc,

2051 1019 2282 1090 ignitum
2335 1038 2556 1078 currum
2619 1024 2906 1080 Altissimi.
2979 1028 3197 1098 Accipe,
3254 1043 3289 1082 ο
3335 1028 3629 1097 ineulpatc,

2051 1109 2298 1166 ﬂoridam
2335 1116 2519 1180 vitem,
2555 1131 2677 1186 qua:
2698 1131 2972 1170 racemum
2997 1127 3214 1172 acterna:
3245 1118 3366 1172 vita:
3403 1117 3626 1182 efferet;

2054 1205 2356 1260 intromittc
2381 1207 2526 1260 illam
2560 1207 2614 1260 in
2651 1209 2874 1264 intimos
2899 1224 3144 1266 recessus
3175 1211 3357 1278 templi
3389 1210 3626 1276 Domini;

2055 1295 2193 1350 infer
2220 1297 2365 1351 illam
2418 1299 2468 1350 itt
2508 1299 2703 1369 locum.
2735 1301 3059 1365 sanctuarii,
3114 1303 3257 1370 quod
3316 1303 3631 1358 Altissimus

2053 1388 2105 1441 in
2135 1390 2218 1442 sui
2249 1389 2588 1444 domicilium
2621 1393 2850 1446 secrevit
2883 1409 2896 1455 ;
2933 1393 3177 1446 inducito
3223 1395 3363 1450 hanc
3392 1395 3445 1448 itt
3501 1411 3632 1451 san-

2053 1479 2298 1535 ctissima
2331 1483 2656 1550 penetralia,
2699 1499 2820 1552 quae
2851 1500 2974 1538 mox
3023 1484 3075 1538 in
3113 1495 3410 1540 utcroeum
3449 1498 3630 1555 porta-

2052 1571 2151 1634 hit,
2183 1572 2275 1642 qui
2326 1573 2499 1628 oculis
2562 1576 2712 1628 cerni
2757 1590 2862 1629 non
2916 1585 3126 1645 potest;
3191 1577 3401 1632 beatam
3455 1579 3627 1648 ipsam

2053 1665 2309 1736 przedica,
2339 1681 2460 1734 quae
2491 1665 2678 1722 beatos
2704 1665 2868 1721 ellicit
2905 1683 3098 1722 omnes
3151 1669 3412 1723 mortales
3445 1685 3458 1732 ;
3515 1685 3630 1722 ma-

2052 1755 2246 1828 gttilice
2270 1757 2408 1810 hanc
2459 1758 2640 1820 lauda,
2681 1773 2803 1826 quae
2846 1758 3057 1828 prolata
3090 1766 3175 1814 est
3203 1759 3630 1815 velutdivinitus

2055 1849 2392 1919 conscriptus
2451 1849 2586 1904 liber
2651 1851 2980 1919 magualium
3043 1849 3154 1905 Dci.
3215 1851 3410 1921 Excipe
3467 1853 3628 1917 hanc,

2053 1956 2174 2011 qua:
2208 1956 2236 1994 a
2273 1941 2560 1996 maledicto
2610 1944 2661 1996 in
2716 1943 2945 2010 primam
2997 1951 3275 2012 parentem
3309 1943 3474 1998 Evam
3525 1945 3630 1999 itu-

2055 2032 2225 2087 misso
2265 2046 2362 2086 nos
2403 2033 2599 2087 liberat
2629 2050 2644 2098 ;
2679 2034 3039 2104 complectere
3062 2035 3220 2097 hanc,
3247 2051 3366 2104 qua:
3388 2051 3488 2090 nos
3505 2053 3626 2090 cum

2055 2121 2164 2178 Deo
2189 2124 2456 2180 charitate
2507 2125 2804 2196 colligavit,
2865 2135 2920 2182 et
2969 2115 3314 2180 inimicitiam
3361 2131 3630 2197 serpentis

2052 2213 2242 2272 fraude
2272 2215 2544 2271 inductam
2583 2231 2685 2273 suo
2715 2225 2868 2288 partu
2908 2217 3172 2284 abstulit;
3209 2219 3424 2287 implica
3463 2220 3622 2275 istam

2051 2307 2310 2374 brachiis,
2349 2323 2472 2378 qua:
2500 2323 2600 2364 nos
2649 2309 2718 2364 ab
2763 2309 3000 2380 implexa
3035 2309 3304 2378 serpentis
3336 2309 3624 2366 abstrahit.

2050 2400 2126 2456 De
2175 2400 2278 2456 hac
2307 2402 2628 2468 vaticinare,
2664 2418 2786 2472 quae
2831 2403 3269 2472 propheticorum
3340 2403 3628 2458 vaticinia-

2050 2507 2172 2546 rum
2229 2492 2668 2562 implementum,
2731 2495 3146 2564 divinarumque
3200 2494 3623 2564 promissionum

2048 2587 2432 2656 compendium
2469 2587 2522 2642 in
2549 2603 2608 2644 se
2629 2588 2868 2643 exhibet.
2902 2589 3024 2658 Ipsa
3079 2597 3268 2643 mensa
3311 2587 3479 2642 divini
3531 2604 3630 2656 pa-

2046 2677 2153 2740 nis,
2185 2678 2371 2732 viuum
2399 2679 2729 2744 exhilarans,
2765 2680 2920 2736 cibus
2952 2681 3246 2750 gratuitas,
3282 2680 3534 2736 columba
3567 2683 3632 2734 il-

2048 2769 2239 2834 libata,
2312 2771 2512 2826 coelum
2573 2773 2900 2836 animatum,
2968 2771 3180 2842 lampas
3235 2771 3394 2830 valde
3444 2771 3631 2838 rutila,

2045 2871 2242 2926 sponsa
2277 2857 2462 2914 multis
2511 2860 2731 2931 hymnis
2767 2861 3060 2926 celebrata,
3094 2871 3268 2918 mater
3299 2861 3484 2918 multis
3516 2864 3630 2918 lau-

2044 2947 2206 3005 dibus
2267 2959 2486 3019 ornata,
2540 2953 2694 3009 oliva'
2745 2954 3010 3011 divinitus
3063 2955 3314 3026 irrigata,
3371 2956 3622 3011 divinant

2044 3039 2354 3096 vehiculum
2387 3043 2820 3114 dispensationis
2861 3047 3148 3112 Altissimi,
3218 3047 3628 3104 tabernaculum

2045 3139 2323 3199 sanctum,
2375 3135 2764 3192 candelabrum
2800 3153 2830 3192 a
2867 3137 2976 3195 Deo
3046 3134 3430 3207 fabrefactum,
3490 3156 3631 3212 agna

2044 3223 2348 3287 rationalis,
2375 3227 2847 3296 ,propitiatorium
2925 3227 3040 3290 Dei.
3083 3246 3178 3286 vas
3223 3231 3626 3292 intestimahilc.

2049 3313 2340 3370 thesaurus
2377 3315 2728 3383 honorificus,
2762 3319 2891 3373 tuba
2931 3321 3173 3375 suaviter
3225 3335 3446 3383 sonans,
3471 3336 3630 3376 mons

2047 3407 2257 3477 pinguis
2293 3416 2342 3460 et
2373 3408 2688 3478 coagulum:
2715 3409 2780 3475 η,
2815 3410 3058 3465 divinum
3096 3411 3290 3474 vellus,
3316 3411 3486 3467 nubes
3521 3412 3630 3468 Deo

2049 3493 2268 3562 referta,
2299 3497 2430 3553 urbs
2455 3498 2800 3565 admiranda,
2837 3500 3066 3556 aulaeum
3105 3501 3372 3570 spiritale,
3406 3503 3630 3558 lucerna

2049 3584 2310 3641 divinitus
2332 3601 2562 3652 excusa,
2591 3589 2737 3644 scala
2765 3603 3043 3660 perquam
3085 3589 3423 3645 descendens
3461 3591 3631 3646 Crea-

2052 3687 2135 3732 tor
2163 3678 2306 3733 inter
2339 3678 2590 3735 homines
2617 3681 2911 3744 videbitur,
2946 3681 3128 3736 cubile
3174 3690 3448 3745 sanctum,
3512 3697 3631 3752 gra-

2052 3770 2142 3824 tiae
2173 3771 2600 3842 receptaculum,
2640 3774 3030 3828 miraculorum
3061 3773 3312 3844 ahyssus,
3355 3773 3476 3828 fons
3525 3775 3629 3829 bo-

2052 3877 2270 3926 norum,
2300 3863 2610 3918 divitiarum
2637 3865 2792 3934 copia
2826 3864 3178 3928 inviolabilis,
3229 3865 3414 3922 multis
3455 3868 3632 3922 nomi—

2051 3954 2214 4009 nibus
2245 3961 2408 4023 atque
2460 3955 2680 4010 dotibus
2709 3955 2981 4026 insignata
3009 3968 3064 4012 et
3091 3973 3305 4027 semper
3337 3956 3502 4029 Virgo
3536 3958 3628 4013 Dei

2051 4053 2244 4102 mater.
2281 4043 2432 4101 llane
2457 4047 2790 4102 introdttcito
2813 4049 2864 4102 in
2898 4048 3097 4103 Sancta
3119 4053 3458 4116 sanctorum,
3493 4051 3632 4104 hanc

2052 4138 2164 4208 regi
2197 4137 2389 4192 alTerto
2425 4147 2684 4208 tanquam
2710 4139 3170 4210 pretiosissimum
3200 4142 3426 4204 donum,
3489 4141 3634 4194 hanc

2051 4228 2216 4284 lauda
2240 4227 2386 4284 velut
2422 4229 2667 4300 reginam
2699 4230 3074 4286 univcrsitatis
3101 4246 3304 4296 rerum,
3333 4231 3475 4285 hanc
3523 4247 3624 4300 ap-

2053 4336 2182 4391 para
2215 4329 2276 4376 ut
2304 4321 2569 4392 palatium
2599 4321 2745 4392 regis
2775 4321 3180 4385 universorum,
3232 4323 3374 4376 hanc
3411 4322 3634 4393 hymnis

2059 4411 2258 4466 extolle
2294 4421 2352 4466 ut
2398 4417 2577 4464 tutum
2625 4408 2942 4480 praesidium
3002 4410 3250 4464 omnium
3315 4410 3586 4480 virginum
3617 4449 3633 4471 ,

2053 4500 2182 4555 huic
2217 4501 2401 4556 sedem
2427 4501 2480 4554 in
2516 4499 2717 4570 templo
2747 4499 3074 4556 manul‘acto
3105 4501 3307 4570 praebe,
3351 4517 3472 4572 qua:
3501 4510 3635 4556 tent-

1981 4592 2026 4646 D
2055 4594 2204 4662 plum
2241 4593 2542 4648 animatum
2571 4603 2657 4649 est
2693 4591 2854 4648 Verbi
2905 4594 3152 4648 omnium
3177 4593 3496 4648 conditoris.

2125 4684 2219 4739 lx.
2253 4685 2346 4740 Hae
2375 4685 2598 4740 fuerunt
2627 4685 2696 4739 ab
2727 4683 3014 4740 Joaehitno
3041 4693 3096 4738 et
3123 4685 3280 4738 Anna
3304 4683 3466 4739 editae
3495 4684 3632 4738 lact-.e

2055 4777 2495 4848 praedicationes,
2523 4778 2605 4834 hae
2635 4776 2743 4830 Deo
2769 4776 2997 4831 reddita:
3021 4791 3144 4830 cum
3169 4778 3470 4847 gratiarum
3535 4792 3632 4830 ac-

2057 4869 2205 4924 tione
2236 4868 2600 4931 laudationes,
2635 4867 2718 4920 hae
2743 4866 2884 4934 apud
2928 4867 3252 4936 prophetam
3311 4866 3634 4922 Zachariam

2055 4958 2196 5014 datae
2245 4971 2462 5012 summa
2525 4972 2648 5010 cum
2701 4955 2897 5012 ﬁducia
2957 4954 3390 5010 testiﬁcationes.
3454 4954 3636 5021 Quare

2056 5049 2336 5110 sacerdos,
2365 5057 2424 5102 ut
2465 5048 2554 5102 Dei
2607 5047 2894 5118 propheta,
2935 5048 3141 5118 quique
3193 5055 3384 5102 tenens
3437 5049 3636 5102 Sancta

2053 5149 2366 5198 sanctorum
2402 5141 2672 5211 particeps
2702 5139 2794 5194 Dei
2837 5149 2976 5207 erat,
3039 5140 3260 5194 intuens
3319 5141 3372 5194 in
3418 5139 3637 5210 Virgine

2053 5244 2304 5305 aspectus
2331 5233 2816 5304 pulchritudinem,
2867 5233 3051 5288 vultus
3089 5235 3368 5297 decorem,
3439 5234 3636 5302 linguae

2057 5327 2402 5391 modestiam,
2463 5325 2630 5380 animi
2704 5325 3066 5390 nobilitatem,
3133 5326 3256 5380 vita:
3301 5325 3635 5396 inculpatum

2054 5421 2242 5483 decus,
2277 5419 2475 5488 pedum
2529 5419 2826 5483 incessunt,
2887 5434 3099 5492 morum
3157 5419 3634 5488 compositionem,

2054 5512 2361 5565 decentiam
2387 5511 2627 5574 habitus,
2660 5512 2844 5566 alilatu
2873 5513 3049 5566 sancti
3082 5513 3322 5583 Spiritus
3371 5523 3635 5582 concepto

2053 5601 2382 5658 exclamavit
2421 5619 2434 5654 :
2485 5601 2529 5655 Ο
2559 5601 2736 5672 puclla
2768 5600 3144 5669 immaculata,
3179 5617 3212 5657 ο
3243 5603 3397 5672 virgo
3435 5601 3633 5669 impol-

2050 5693 2183 5758 luta,
2205 5694 2652 5748 oadolcscentula
2671 5693 3076 5759 venustissima,
3107 5708 3140 5747 o
3164 5693 3450 5747 mulierum
3471 5709 3632 5744 urna-

2054 5797 2318 5852 mcntum,
2364 5787 2594 5840 lillat'llllt
2643 5786 2808 5854 nitor,
2845 5802 2876 5842 o
2907 5797 3079 5840 t'natcr
3110 5783 3276 5856 Virgo
3333 5795 3538 5851 sancta,
3576 5797 3630 5840 tn
