4026 6380
461 384 591 452 1491

1545 395 1606 456 S.
1632 391 1939 456 TARASII
1975 386 2479 450 PATRIARCHE
2519 389 2630 452 CP.

3575 387 3708 456 ῙΑΉ

457 498 742 556 benedicta
769 499 910 556 inter
940 502 1218 566 mulieres,
1243 511 1300 558 tu
1339 503 1610 560 celebrata
1638 512 1858 575 propter
1879 503 2027 556 iuno-

2135 491 2180 552 ὧ
2210 499 2386 571 μῆτερ
2413 500 2658 568 Παρθένε
2686 501 2836 570 ἁγία,
2879 499 2967 560 σὺ.
3003 499 3345 572 εὐλογημένη
3369 499 3428 554 tv
3459 503 3708 570 γυναιξί·

456 591 717 658 centiam,
749 599 805 648 tu
838 593 1124 666 obsignata
1156 595 1512 666 virginitate;
1548 605 1602 650 tu
1630 595 1826 650 Adami
1856 594 2027 650 male-

453 683 584 738 dicti
615 684 876 753 expiatio,
917 694 974 740 ttt
1006 685 1178 741 debiti
1205 685 1330 742 Eva:
1367 686 1603 754 solutio;
1638 694 1696 741 tu
1729 685 1911 741 Abelis
1926 701 2030 756 pu-

461 774 680 829 risSima
709 774 938 841 oblatio,
965 777 1454 847 primogenitorum
1482 777 1812 841 delectus",
1837 777 2033 831 imma-

450 869 692 919 rulatum
725 867 1054 924 sacrificium
1081 886 1096 935 ;
1128 878 1185 924 ιιι
1212 869 1363 925 Sethi
1396 879 1540 925 recta
1567 869 1854 940 disciplina
1877 869 1922 901 ¹⁶
1953 875 2031 936 (ιιι

450 964 776 1024 conceptum
809 957 862 1012 in
893 967 1050 1014 utero
1077 959 1170 1014 Dei
1192 961 1360 1015 tilium
1378 963 1558 1032 paries
1589 963 1706 1018 sine
1734 961 1921 1017 dolore
1939 961 2029 1032 '7);

449 1057 506 1101 tu
541 1047 760 1104 Enosin
781 1049 950 1106 Deum
981 1067 1106 1123 spes
1139 1067 1245 1108 non
1277 1055 1482 1124 pudore
1501 1054 1706 1110 suil‘usa
1729 1072 1746 1119 ;
1767 1066 1823 1109 ιιι
1847 1053 2030 1110 Enoch

450 1138 586 1193 inita
627 1141 800 1209 gratia
847 1143 983 1197 etin
1047 1159 1298 1200 securam
1357 1147 1524 1199 vitam
1590 1143 1884 1215 migratio;
1973 1153 2030 1198 tu

449 1229 659 1288 Noaclti
685 1249 835 1301 arca,
864 1243 918 1289 et
946 1237 1200 1292 secundae
1228 1237 1658 1308 regenerationis
1683 1237 1826 1306 apud
1857 1233 2030 1292 Deum

451 1325 806 1393 conciliatio;
840 1337 898 1382 tu
940 1329 1090 1400 regni
1147 1337 1203 1384 et
1264 1329 1558 1385 sacerdotii
1613 1327 2030 1385 Melchisedechi

453 1413 783 1482 perillustris
809 1415 1104 1486 splendor;
1149 1428 1206 1472 tu
1233 1419 1529 1472 Ahrahami
1568 1417 1726 1472 iirma
1758 1417 1953 1472 ﬁducia
1977 1427 2028 1472 et

452 1505 841 1572 promissionis
881 1505 1082 1564 futurae
1130 1509 1466 1580 posteritatis
1489 1510 1800 1578 obsequens
1853 1509 2026 1577 iides;

455 1605 514 1648 tu
540 1593 706 1651 lsaaci
736 1609 940 1652 novum
994 1599 1326 1656 sacriticium
1357 1610 1410 1656 et
1442 1600 1711 1679 rationale
1763 1601 2028 1656 holocau-

452 1694 598 1740 stum
627 1704 643 1752 ;
672 1697 731 1742 tu
765 1686 952 1744 Jacobi
981 1689 1034 1744 in
1071 1691 1274 1745 scalam
1308 1706 1572 1748 ascensus
1631 1707 1817 1758 causa,
1852 1701 1908 1746 et
1955 1693 2028 1746 fec

451 1778 748 1835 cunditatis
773 1779 829 1834 in
844 1779 1128 1848 duodecim
1148 1781 1326 1838 tribus
1343 1783 1721 1852 permanantis
1743 1783 2028 1854 expressio

452 1869 835 1936 nobilissima;
869 1883 925 1926 tu
972 1870 1128 1928 ludat
1177 1873 1479 1944 apparuisti
1538 1876 1837 1931 secundum
1895 1875 2026 1930 stir-

449 1973 572 2028 pem
631 1960 739 2014 tilia
778 1977 793 2025 ;
827 1970 883 2016 ιιι
909 1959 1130 2034 Josephi
1157 1963 1438 2032 pudicitia,
1468 1974 1526 2020 et
1553 1967 1752 2024 veteris
1781 1964 2027 2039 IEgypti,

457 2049 718 2105 nimirum
757 2051 1058 2126 Synagogae
1109 2053 1445 2121 Judaaorum,
1475 2057 1709 2123 eversio,
1734 2073 1768 2114 ο
1827 2058 2026 2112 imma-

447 2141 625 2195 culata
649 2157 664 2207 ;
702 2151 758 2197 tu
781 2140 904 2198 Jobi
934 2145 988 2198 in
1018 2146 1413 2202 tentationibus
1440 2146 1718 2217 patientiae
1747 2145 2022 2218 perfectio

449 2240 505 2287 et
537 2233 804 2290 bonorum
839 2235 962 2306 eius
995 2237 1050 2292 in
1082 2237 1308 2308 duplum
1343 2238 1617 2294 restitutio
1649 2251 1715 2294 ac
1756 2238 2026 2294 ditissima

448 2327 641 2396 capia;
673 2336 731 2382 tu
776 2327 980 2402 Moysis
1031 2329 1260 2402 ejusque
1295 2329 1650 2402 Legislatoris
1683 2329 1825 2386 liber
1881 2331 2023 2386 divi-

449 2419 600 2474 nitus
631 2421 995 2477 concinnatus
1020 2465 1035 2489 ,
1067 2423 1122 2477 in
1155 2437 1266 2493 quo
1300 2423 1567 2494 scriptum
1599 2431 1682 2478 est
1705 2437 2028 2479 sacramen-

448 2520 563 2564 tum
595 2513 1049 2582 regenerationis,
1087 2524 1141 2570 et
1167 2513 1368 2571 divinis
1419 2514 1604 2586 digitis
1656 2515 1929 2595 insculpta
1972 2515 2026 2570 in

446 2605 652 2660 tabulis
677 2607 766 2662 lex
815 2617 900 2661 est
923 2615 1185 2678 tanquam
1223 2607 1278 2662 in
1307 2616 1495 2662 monte
1542 2607 1696 2673 Sina,
1729 2607 1822 2663 ubi
1847 2621 2026 2663 novus

447 2694 612 2751 israel
646 2696 717 2752 ab
763 2696 1185 2768 intelligibilium
1214 2697 1599 2770 Egyptiorum
1630 2701 1895 2756 servitute
1916 2700 2029 2754 vin-

445 2787 738 2851 dicahitur,
779 2791 1242 2858 quemadmodum
1285 2792 1545 2862 antiquus
1573 2791 1810 2863 populus
1832 2791 1888 2846 in
1935 2808 2029 2849 so—

447 2878 676 2935 iitudine
715 2896 917 2936 manna
943 2891 1001 2936 et
1031 2897 1174 2952 aqua
1223 2883 1292 2939 de
1341 2897 1538 2954 aspera
1593 2892 1750 2954 petra
1797 2885 2028 2942 satiatus

444 2981 551 3035 est,
593 2979 743 3040 petra
772 2980 946 3026 autent
975 2983 1089 3028 erat
1117 2965 1362 3028 Christus
1384 2973 1464 3041 ης
1487 2989 1518 3030 e
1547 2982 1644 3030 tuo
1675 2976 1886 3045 gremio
1907 2990 2030 3044 pro-

444 3063 660 3119 diturus
689 3073 946 3134 tanquam
989 3081 1212 3136 sponsus
1247 3083 1282 3120 a
1311 3066 1548 3122 thalamo
1575 3067 1652 3137 ¹⁰;
1701 3077 1761 3124 ιιι
1793 3066 2029 3126 Aaronis

447 3151 596 3224 virga
625 3151 958 3222 ﬂorescens;
1009 3165 1068 3210 tu
1095 3153 1283 3212 Jesum
1313 3153 1464 3212 Nave
1489 3155 1660 3212 tilium
1715 3158 1771 3211 in
1830 3157 2027 3214 mediis
2055 3197 2098 3252 ϐ

443 3245 770 3302 adversariis
796 3247 1095 3318 gloriosum
1132 3249 1458 3316 reddidisti;
1490 3258 1546 3304 tu
1577 3265 1637 3306 es
1679 3249 1900 3306 Davidis
1953 3249 2018 3305 ii-

445 3338 539 3403 lia,
573 3337 798 3408 ﬁmbriis
851 3340 1029 3394 aureis
1053 3339 1466 3403 circumvestita,
1503 3340 1650 3396 uario
1698 3351 1894 3395 ornatu
1945 3341 2027 3394 ui—

445 3441 644 3486 tesceus
673 3431 744 3500 ³⁸,
773 3444 829 3486 ιιι
852 3431 1018 3487 lectus
1059 3431 1360 3489 Salomonis
1381 3449 1448 3488 ex
1476 3448 1613 3488 auro
1643 3432 1844 3496 factus,
1872 3450 2024 3504 quem

443 3524 722 3594 sexaginta
761 3523 864 3576 uiri
894 3524 1175 3594 fortissimi
1207 3525 1541 3580 circumdant
1571 3525 1642 3590 “,
1673 3526 1913 3581 musicas
1934 3535 2028 3580 vo-

444 3629 538 3669 ces
565 3613 880 3669 divinarum
913 3615 1326 3686 Scripturarum
1350 3616 1406 3670 in
1468 3617 1578 3672 Deo
1625 3617 1756 3672 tuba
1821 3632 2029 3674 canen-

445 3717 564 3774 tes;
597 3707 851 3764 ascensio
880 3723 942 3764 es
965 3709 1358 3779 assumptionis
1404 3705 1558 3774 Eliae,
1587 3718 1642 3766 et
1673 3710 2030 3782 intelligibilis

441 3797 710 3854 Jezabelis
743 3799 992 3856 exitium.
1022 3798 1106 3856 Tu
1136 3801 1316 3858 Elisazi
1341 3801 1578 3873 dupticis
1615 3802 1769 3875 pallii
1805 3803 2029 3862 benedi-

445 3890 577 3954 ctio,
631 3905 742 3962 qua
771 3891 864 3946 ille
895 3891 1084 3948 divisit
1110 3891 1314 3951 ﬂuenta
1334 3892 1594 3952 Jordanis
1619 3905 1675 3952 et
1703 3897 1869 3954 siccis
1926 3913 2022 3969 pe-

442 3981 606 4038 dibus
635 3983 874 4072 transiit.
907 3994 963 4039 et
991 4000 1191 4056 aquam
1236 3987 1352 4042 sale
1377 3989 1706 4044 medicatam
1734 3988 1802 4044 ad
1832 3988 2024 4044 biben-

442 4075 572 4126 dum
599 4084 782 4146 aptam
811 4075 1080 4144 reddidit;
1105 4085 1162 4133 tu
1192 4075 1346 4134 Jonae
1371 4080 1425 4134 in
1479 4080 1581 4136 ceti
1633 4090 1828 4138 ventre
1865 4084 2020 4140 inco-

416 4165 1090 4232 Imnitas,etNinivitarum
1113 4168 1180 4225 ad
1210 4170 1441 4226 meliora
1473 4171 1706 4228 consilia
1732 4175 2020 4231 conversio

441 4271 504 4308 ac
530 4255 761 4326 benigna
791 4258 968 4314 venia.

2136 591 2200 644 σὺ
2238 590 2601 664 δεδοξασμένη
2641 595 2708 665 τῇ
2771 593 3007 664 ἁγνείαν
3067 597 3132 651 σὺ
3177 592 3592 664 ἐσφραγισμένη
3643 595 3709 663 τῇ

2137 681 2408 754 παρθενίᾳ
2439 699 2454 714 ο
2485 685 2550 738 σὺ
2573 684 2668 738 τοῦ
2714 685 2888 755 Ἀδάμ
2907 685 3007 755 τῆς
3031 683 3282 754 κατάρας
3323 686 3359 754 ή
3412 683 3567 745 λύσις
3593 701 3608 714 ·
3644 683 3708 736 σὺ

2132 775 2234 845 τῆς
2264 773 2408 839 Εΰας
2430 775 2527 829 τοῦ
2551 777 2867 847 ὀφλήματος
2887 779 2921 848 ή
2951 777 3232 848 πλήρωσις
3257 793 3271 808 ·
3322 777 3387 830 σὺ
3415 775 3511 829 τοῦ
3551 775 3706 829 Ἀδε)

2133 865 2168 936 ή
2199 863 2564 944 καθαρωτάτη
2595 867 2902 938 προσφορὰ,
2929 868 3024 922 καὶ
3067 867 3431 940 πρωτοτόκων
3460 866 3714 938 πρόθεσις

2133 957 2340 1019 ἄκακος
2381 956 2542 1011 θυσία
2563 947 2605 985 θ’
2631 959 2696 1012 σὺ
2719 958 2815 1012 τοῦ
2872 958 2982 1030 Σὴθ
3010 960 3044 1030 ή
3093 957 3512 1028 κατακόσμησις
3543 971 3557 986 ·
3601 955 3712 1029 [σὺ

2131 1047 2223 1100 τὸν
2255 1047 2385 1100 Υίδν
2411 1045 2505 1102 τοῦ
2537 1047 2677 1102 Θεοῦ
2714 1049 2775 1102 ἐν
2801 1049 3003 1122 γαστρὶ
3041 1048 3379 1120 βαστάσασα,
3434 1048 3717 1118 ὡδινήσεις

2134 1140 2352 1203 ἀπόνως
2456 1140 2520 1194 σὺ
2551 1139 2647 1195 τοῦ
2711 1139 2879 1205 Ἒνὼς
2903 1143 2962 1194 ὲν
2992 1141 3112 1210 Θεῷ
3139 1141 3295 1204 ὲλπὶς
3344 1140 3714 1209 ἀκαταίσχυν-

2132 1247 2264 1295 τοςο
2311 1231 2375 1285 σὺ
2412 1233 2509 1286 τοῦ
2557 1231 2728 1303 Ἐνὼχ
2757 1234 2791 1304 ή
2843 1233 3228 1303 εὐαρέστησις,
3285 1225 3558 1304 καὶπρὸς
3625 1230 3720 1284 τὸν

2131 1325 2328 1380 ἄσυλον
2351 1323 2468 1394 βίον
2523 1325 2855 1395 μετάστασις
2886 1341 2900 1354 ·
2935 1326 3000 1380 σὺ
3046 1323 3142 1378 τοῦ
3197 1322 3316 1378 Νῶε
3361 1325 3396 1394 ή
3454 1323 3715 1390 κιϐωτὸς,

2133 1416 2228 1471 καὶ
2257 1419 2358 1488 τῆς
2377 1415 2638 1488 δευτέρας
2660 1417 3084 1487 παλιγγενεσίας
3111 1415 3144 1486 ή
3182 1414 3320 1486 πρὸς
3345 1413 3478 1467 Θεὸν
3499 1415 3715 1467 οἱκείω·

2135 1524 2218 1569 σις
2243 1524 2256 1538 ·
2290 1509 2356 1562 σὺ
2385 1506 2478 1562 τοῦ
2506 1507 2839 1580 Μελχισεδὲκ
2864 1509 2962 1578 τῆς
2979 1507 3257 1576 βασιλείας
3307 1507 3403 1560 καὶ
3440 1505 3718 1575 ίερατείας

2130 1599 2410 1669 ἀγλάϊσμα
2439 1599 2743 1670 πάμφωτον
2769 1615 2784 1629 ·
2815 1599 2880 1654 σὺ
2911 1597 3007 1654 τοῦ
3050 1587 3312 1670 Ἀϐραὰμ
3355 1599 3390 1668 ή
3419 1596 3712 1660 πίστωσις,

2132 1695 2229 1746 καὶ
2266 1695 2363 1765 τῆς
2388 1691 2723 1762 ἐπαγγελίας
2747 1693 2844 1746 καὶ
2870 1692 3217 1761 τεκνογονίας
3263 1690 3508 1762 ὑπήκοος
3555 1686 3718 1742 πειθ-

2130 1785 2363 1856 άρχησις
2393 1801 2410 1815 ο
2448 1785 2513 1840 σὺ
2557 1784 2653 1838 τοῦ
2703 1785 2891 1838 Ἰσαάκ
2932 1785 3096 1856 καινὴ
3145 1783 3332 1845 θυσία,
3380 1784 3476 1836 καὶ
3524 1783 3587 1836 τὸ
3623 1782 3717 1835 λο-

2129 1877 2284 1945 γικδν
2317 1876 2717 1947 όλοκαύτωμα·
2751 1876 2816 1930 σὺ
2841 1875 2938 1929 τοῦ
2980 1874 3177 1930 Ἰακὼό
3217 1875 3318 1944 τῆς
3367 1875 3424 1927 tv
3480 1874 3719 1945 κλίμακι

2129 1967 2318 2022 ἀνόδου
2383 1967 2557 2030 αίτία,
2607 1971 2708 2039 τῆς
2773 1967 3154 2036 δωδεκαφύλου
3196 1966 3548 2034 τεκνογονίας
3624 1967 3718 2018 ὲκ-

2129 2061 2456 2132 σφράγισμα
2495 2063 2780 2131 μέγιστον’
2807 2060 2871 2114 σὺ
2909 2059 3006 2114 τοῦ
3045 2058 3218 2114 Ἰούδα
3243 2057 3493 2128 πέφηνας
3516 2060 3552 2128 ἡ
3573 2058 3718 2112 κατὰ

2126 2149 2286 2218 γένος
2307 2147 2556 2220 θυγάτηρ
2583 2165 2597 2180 ·
2633 2150 2700 2204 σὺ
2733 2147 2828 2202 τοῦ
2899 2147 3100 2220 Ἰωσὴφ
3131 2151 3164 2220 ή
3233 2147 3583 2219 σωφροσύνη,
3623 2147 3718 2202 καὶ

2133 2243 2234 2310 τῆς
2279 2243 2522 2306 παλαιᾶς
2551 2239 2881 2311 Αἰγυπτίας,
2925 2241 3095 2312 ήγουν
3127 2239 3228 2309 τῆς
3265 2237 3543 2294 Ἰουδαίων
3583 2239 3721 2293 Συν-

2128 2334 2372 2405 αγωγῆς,
2395 2333 2734 2406 καθαίρεσις,
2765 2333 3000 2404 ᾶχραντε
3027 2349 3047 2366 οι
3073 2331 3138 2386 σὺ
3161 2330 3256 2388 τοῦ
3297 2330 3418 2387 Ἰὼδ
3446 2332 3480 2400 ὴ
3514 2331 3574 2383 ιν
3591 2347 3716 2383 ταξι-

2132 2428 2363 2497 ρασμοῖς
2385 2427 2758 2497 ύπομονητικὴ
2781 2416 3274 2493 ἂνακεφαλαίωσις,
3295 2422 3520 2478 καὶτῶν
3539 2423 3718 2492 ὑπαρ-

2129 2521 2333 2591 χόντων
2365 2519 2516 2590 αύτῴ
2548 2518 2714 2589 διπλῆ
2743 2518 2980 2580 διάδοσις
3008 2517 3102 2571 καὶ
3131 2515 3490 2578 πλουτοποιδς
3525 2513 3720 2584 ’ὓπαρ-

2130 2611 2214 2678 Et;
2236 2630 2252 2646 ο
2285 2614 2350 2668 σὺ
2380 2611 2474 2666 τοῦ
2500 2611 2745 2675 Μωσέως
2795 2612 2889 2664 καὶ
2917 2609 3208 2681 νομοθέτου
3255 2607 3574 2670 θεότευκτος
3629 2605 3716 2676 βί-

2129 2707 2278 2772 ϐλος,
2319 2709 2378 2761 ὲν
2473 2706 2536 2759 τὸ
2561 2705 2662 2774 τῆς
2695 2702 3115 2773 παλιγγενεσίας
3139 2703 3443 2774 μυστήριον
3471 2700 3715 2772 ἐγράφη.

2128 2795 2226 2850 καὶ
2259 2793 2546 2858 δακτύλοις
2583 2793 2750 2858 θείοις
2781 2794 2844 2846 ὲν
2873 2791 3069 2858 πλαξὶν
3090 2789 3480 2862 ἐνομοθετήθη,
3511 2789 3590 2852 ὡς
3661 2791 3719 2840 ἐν

2129 2886 2330 2958 Σιναίῳ
2362 2885 2443 2957 τῷ
2473 2887 2613 2958 ὄρει,
2653 2887 2713 2937 ὲν
2764 2877 2919 2955 ᾧπερ
2957 2882 3172 2955 Ἰσραὴλ
3223 2882 3252 2936 δ
3281 2883 3590 2954 ἁρτιφανὴς
3655 2882 3719 2933 ὲκ

2129 2977 2374 3042 δουλείας
2406 2978 2723 3047 Αίγυπτίων
2771 2977 2882 3031 τῶν
2929 2974 3139 3046 νοητῶν
3189 2971 3716 3044 ἐλευθερωθήσεται,

2129 3067 2206 3133 ὡς
2240 3070 2269 3122 ό
2299 3068 2430 3140 πρὶν
2453 3070 2512 3121 ὲν
2535 3069 2601 3140 τῇ
2625 3067 2818 3138 ἐρήμῳ
2864 3065 3010 3132 λαὸς,
3066 3063 3162 3118 τοῦ
3215 3063 3396 3136 μάννα
3443 3062 3717 3133 ἐπλήσθη,

2131 3160 2228 3214 καὶ
2252 3157 2346 3214 τοῦ
2387 3159 2582 3224 ὓδατος
2609 3159 2674 3212 ὲκ
2704 3159 2912 3230 πέτρας
2945 3155 3254 3229 ὰκροτόμου
3287 3171 3301 3187 ο
3348 3153 3404 3210 Ἠ
3437 3153 3508 3208 δὲ
3528 3155 3720 3221 πέτρα

2131 3249 2212 3324 ἦν
2241 3255 2274 3308 ὁ
2291 3249 2586 3320 Χριστὸς,
2625 3251 2654 3302 ὁ
2685 3248 2896 3322 μέλλων
2923 3251 2989 3302 ὲκ
3019 3249 3119 3319 τῆς
3147 3245 3358 3312 κοιλίας
3380 3265 3474 3300 σου
3509 3248 3716 3321 προέρ-

2131 3343 2347 3416 χεσθαι,
2372 3343 2453 3410 ὡς
2479 3343 2549 3396 ἐκ
2587 3340 2830 3396 παστοῦ
2859 3341 3119 3411 νυμφίος
3149 3355 3166 3372 ο
3210 3340 3277 3392 σὺ
3337 3339 3434 3394 τοῦ
3504 3339 3720 3410 Ἀαρὼν

2135 3439 2169 3508 ἠ
2219 3435 2471 3509 ῥάϐδοςή
2499 3434 2851 3505 βλαστήσασα
2884 3451 2899 3464 ·
2938 3435 3003 3486 σὺ
3037 3432 3129 3485 τὸν
3157 3431 3254 3485 τοῦ
3298 3431 3456 3504 Ναυῆ
3503 3432 3721 3504 Ἰησοῦν

2131 3532 2190 3582 tv
2221 3528 2373 3600 μέσῳ
2400 3528 2507 3580 τῶν
2540 3525 2876 3580 ὑπεναντίων
2907 3523 3164 3592 έδόξκσας
3189 3541 3202 3555 ·
3237 3527 3302 3580 σὺ
3329 3521 3379 3579 εἷ
3425 3525 3521 3579 τοῦ
3549 3524 3721 3580 Δαυῖδ

2129 3623 2165 3695 ή
2191 3619 2459 3691 θυγάτηρ,
2493 3619 2532 3686 ή
2564 3617 2936 3688 κροσσωτοῖς
2977 3613 3233 3687 χρυσοῖς
3291 3617 3722 3686 περιϐεϐλημέ-

2125 3731 2226 3784 νη,
2261 3712 2700 3782 πεποικιλμένη
2736 3727 2750 3740 ’
2780 3712 2845 3764 σὺ
2876 3707 2982 3766 τοῦ
3021 3709 3415 3780 Σολομῶντος
3470 3711 3509 3778 ἠ
3531 3710 3718 3776 κλίνη

2124 3807 2160 3877 ἡ
2219 3807 2638 3876 χρυσότευκτος,
2684 3800 2876 3870 ἤνπερ
2935 3797 3184 3855 δυνατοί
3228 3799 3532 3870 ἐξήκοντα
3603 3817 3715 3854 κυ-

2124 3895 2371 3959 κλοῦσι,
2411 3893 2522 3948 τῶν
2547 3893 2887 3948 θεοτεύκτων
2932 3893 3169 3964 Γραφῶν
3191 3894 3291 3958 τὰς
3323 3896 3381 3948 tv
3419 3892 3541 3964 Θεῷ
3572 3911 3716 3964 μου·

2124 3987 2284 4049 σικὰς
2311 3984 2498 4054 φωνὰς
2536 3985 2894 4051 σαλπίζοντες
2924 4000 2939 4016 ·
2971 3986 3037 4040 σὺ
3066 3988 3166 4058 τῆς
3195 3985 3376 4040 Ἠλίου
3395 3985 3719 4057 ἀναλήψεως

2129 4075 2337 4143 ἄνοδος,
2368 4079 2581 4148 καὶτῆς
2594 4081 2790 4148 νοητῆς
2819 4076 3057 4143 Ἶεζαὸὲλ
3074 4078 3394 4150 καθαίρεσις
3423 4079 3678 4148 πέφηνας
3698 4093 3715 4108 ·

2132 4170 2196 4223 σὺ
2227 4167 2322 4221 τοῦ
2365 4167 2676 4221 Ἐλισσαίου
2704 4168 2804 4238 τῆς
2831 4168 3028 4238 διπλῆς
3086 4167 3346 4238 μηλωτῆς
3385 4169 3420 4237 ή
3467 4167 3717 4235 εὐλογία,

2129 4259 2260 4339 ᾔτὰ
2302 4260 2596 4333 Ἰορδάνεια
2627 4261 2820 4331 ῥεῖθρα
2850 4260 3033 4331 τεμὼν
3081 4259 3236 4331 διέϐη
3283 4258 3718 4318 άκατακλύστως

440 4347 538 4402 καὶ
571 4347 635 4402 τὺ
705 4347 852 4421 ὕδωρ
882 4349 1042 4406 ἅλατι
1106 4351 1476 4424 θεραπεύσας,
1529 4353 1762 4424 πότιμον
1818 4356 2058 4423 ἀνέδειξε
2080 4373 2096 4390 ο
2139 4356 2205 4409 σὺ
2234 4351 2332 4408 τοῦ
2375 4353 2530 4406 Ἰωνᾶ
2559 4354 2594 4425 ή
2631 4352 2788 4424 ὲντῷ
2825 4355 2981 4423 κήτει
3007 4351 3287 4419 διάσωσις,
3325 4353 3420 4406 καλ⁹
3451 4353 3562 4407 τῶν
3620 4351 3719 4406 Νι-

438 4445 668 4498 νευῖτῶν
701 4445 1048 4516 μετανόησις,
1075 4447 1172 4502 καὶ
1202 4447 1550 4520 συγχώρησις
1586 4449 1839 4518 ἄφθονος.

509 4535 591 4590 'l‘u
631 4551 693 4591 es
721 4537 1110 4608 prophetarum
1138 4543 1448 4609 speculum,
1479 4551 1534 4597 et
1586 4557 1770 4598 rerum
1803 4544 1872 4598 ab
1891 4543 2027 4614 ipsis

2206 4541 2278 4595 Σὺ
2311 4537 2364 4594 εἷ
2413 4539 2521 4592 τῶν
2552 4539 2852 4612 προφητῶν
2877 4542 2910 4612 ὴ
2939 4541 3189 4612 διόπτρα,
3227 4539 3324 4594 καὶ
3351 4539 3464 4593 τῶν
3531 4540 3717 4610 ρημά·

443 4629 938 4700 praenuntiatarum
972 4631 1172 4687 exitus.
1223 4633 1299 4687 Te
1324 4633 1470 4687 enim
1525 4631 1778 4690 Ezechiel
1836 4638 2027 4692 vatici-

440 4737 580 4776 nans
626 4722 921 4792 appellavit
963 4735 1175 4792 portam
1228 4725 1499 4786 clausam,
1539 4739 1636 4794 per
1660 4741 1828 4796 quam
1860 4743 2028 4784 nemo

439 4814 728 4867 hominum
758 4829 998 4883 unquam
1032 4814 1290 4871 transibit
1311 4817 1417 4871 nisi
1451 4813 1720 4874 Dominus
1765 4815 1906 4876 Deus
1935 4836 2026 4874 so-

439 4905 547 4972 lus,
579 4916 634 4960 ct
659 4914 872 4976 portam
929 4909 1170 4962 clausam
1229 4909 1696 4976 conservabit”;
1751 4918 1806 4965 te
1855 4911 2026 4968 Isaias

439 4997 532 5054 ille
556 4997 609 5052 in
645 4997 842 5066 primis
886 4999 1285 5070 grandiloquus
1317 5001 1648 5070 przenuntiat
1683 5002 1890 5068 virgam
1912 4999 2022 5057 Jes-

375 5147 391 5156 ,
439 5105 518 5155 se,
551 5105 619 5145 ex
645 5105 753 5160 qua
792 5087 895 5146 ﬂos
924 5089 1183 5148 CbriStus
1208 5093 1438 5159 orietur,
1489 5102 1544 5148 et
1607 5091 1876 5149 fructibus
1937 5094 2022 5147 vi-

437 5183 643 5234 tiorum
683 5179 1002 5250 exstirpatis
1038 5181 1301 5238 radicitus
1341 5183 1553 5252 plantas
1586 5182 1788 5238 divina:
1838 5183 2026 5253 cogni~

438 5271 609 5325 tionis
646 5270 699 5324 itt
722 5285 859 5342 agro
893 5271 1098 5325 inseret
1139 5273 1228 5340 ²³;
1264 5283 1316 5328 te
1336 5271 1603 5329 Jeremias
1633 5286 2018 5346 prmmonstrm

2125 4650 2233 4687 των
2297 4632 2479 4686 αὐτῶν
2518 4633 2553 4703 ἡ
2593 4633 2952 4704 ὲμπλήρωσις
2980 4649 2995 4664 ο
3030 4633 3090 4686 σὲ
3118 4633 3228 4704 γὰρ
3272 4629 3535 4702 Ἰεζεκιὴλ
3581 4647 3718 4702 προ-

2123 4725 2390 4795 ηγόρευσε
2419 4724 2595 4793 πύλην
2625 4726 3043 4799 κεκλεισμένην,
3063 4729 3121 4784 έν
3143 4724 3177 4802 ᾖ
3203 4728 3380 4792 οὐδεὶς
3409 4725 3718 4795 ἀνθρώπων

2122 4815 2385 4870 διοδεύσει
2425 4818 2578 4884 ποτὲ,
2606 4819 2655 4871 εί
2685 4818 2762 4887 μὴ
2817 4819 3023 4891 Κύριος
3049 4823 3078 4874 ὁ
3111 4820 3244 4886 Θεὸς
3275 4821 3456 4892 μόνος,
3493 4822 3588 4876 καὶ
3617 4823 3717 4888 τὴν

2125 4906 2302 4978 πύλην
2341 4908 2739 4980 κεκλεισμένην
2792 4911 3111 4980 διαφυλάξει
3145 4929 3160 4943 ο
3200 4913 3260 4966 σὲ
3303 4913 3533 4980 Ἡσαΐας
3561 4915 3590 4967 ό
3618 4932 3718 4984 με-

2129 5000 2574 5070 γαλοφωνότατος
2616 5002 2813 5074 pasam
2865 5003 2960 5057 τοῦ
3003 5005 3202 5058 Ἰεσσαὶ⁴
3259 5007 3596 5078 προγράφει,
3654 5005 3716 5070 ἐξ

2129 5087 2197 5164 ἦς
2229 5093 2292 5146 τὸ
2327 5094 2490 5159 ἄνθος
2520 5096 2756 5166 Χριστὸς
2783 5096 3084 5162 ἐλεύσεται,
3120 5099 3216 5151 καὶ
3238 5099 3308 5152 τὰ
3335 5101 3480 5167 φυτά
3498 5100 3597 5170 τῆς
3614 5117 3717 5153 κα-

2123 5185 2250 5249 κίας
2281 5187 2581 5258 πρόρριζον
2612 5187 2884 5258 ἐκτεμὼν,
2935 5189 3038 5258 τῆς
3087 5189 3422 5258 θεογνωσίας
3454 5191 3716 5261 φυτεύσει

2121 5279 2222 5350 τὴν
2255 5278 2496 5350 ἄρουραν
2523 5296 2536 5310 ·
2556 5281 2618 5333 σὲ
2651 5280 2918 5351 Ἱερεμίας
2938 5281 3281 5353 προεκήρυξε
3309 5283 3484 5350 λέγων
3512 5297 3527 5312 ⁶
3557 5282 3717 5336 Ἰδοὺ

435 5360 518 5414 vit
537 5360 839 5432 inquiens:
877 5359 1012 5416 Ecce
1056 5363 1168 5417 dies
1204 5365 1429 5430 venient,
1463 5365 1596 5419 dicit
1633 5365 1914 5430 Dominus,
1971 5375 2020 5420 ct

2128 5371 2330 5441 ἡμέραι
2360 5369 2836 5443 ἕρχονταινλέγει
2856 5375 3095 5442 Κύριος,
3129 5377 3227 5428 καί
3257 5374 3616 5444 διαθήσομαι
3636 5375 3718 5440 τῷ

439 5453 632 5519 ι’τὶαιιι
683 5452 866 5505 domui
891 5451 1064 5507 Israel
1090 5463 1140 5508 et
1173 5457 1354 5509 domui
1379 5456 1538 5511 Iuda:
1601 5459 1770 5528 [cadus
1827 5475 2018 5512 novum

439 5544 580 5615 quod
611 5545 865 5600 constitui
891 5561 1008 5599 cum
1069 5548 1306 5615 putribus
1341 5565 1523 5604 eorum
1549 5551 1636 5619 "';
1670 5552 1745 5606 ita
1807 5552 2019 5622 signiti-

509 5713 555 5746 ¹⁵
576 5712 736 5769 (Ioni.
757 5714 892 5771 Gen.
932 5733 1006 5781 Iv,
1041 5718 1094 5770 ί.
1174 5719 1217 5748 ¹⁶
1245 5717 1378 5774 Gen.
1417 5721 1674 5787 tv,25.et
1706 5721 1870 5776 Ecrii.
1904 5737 2047 5786 thv,
2103 5727 2186 5780 ιε).

509 5803 525 5837 ς
581 5785 832 5840 videntur
909 5788 1326 5847 interrumpere.
1423 5791 1512 5843 ι⁵1
1583 5793 1708 5846 (lor.
1767 5811 1819 5847 κ.
1874 5793 1927 5847 οί.
2009 5797 2050 5824 ¹⁹
2087 5796 2186 5847 l’su

1445 5793 1512 5843 ⁵1
1583 5793 1708 5846 Cur.
1767 5811 1819 5854 κ,
1874 5793 1927 5847 εί.

437 5785 832 5858 ιιίςηνίιίιειιιιιι·
909 5788 1326 5858 interrumpere.

440 5855 484 5886 "
519 5853 714 5910 Ezcclt.
759 5872 904 5921 XLIV,
940 5859 1054 5912 1-5.
1135 5853 1226 5912 ³³⁷1
1263 5878 1312 5912 ιι.
1353 5877 1422 5924 \I,
1466 5866 1509 5916 i.

2087 5796 2230 5851 i’sul.
2271 5815 2423 5860 tum,
2465 5801 2518 5851 6.

1591 5817 1708 5846 tmr.
1768 5817 1819 5854 ιι,
1874 5817 1927 5847 α.
2011 5817 2048 5824 ·’
2087 5817 2230 5851 rsut.
2271 5817 2423 5860 tum,
2465 5817 2518 5851 ο.
2608 5817 2650 5830 "'
2687 5817 2832 5855 l’sal.
2881 5818 2966 5854 SLI

1591 5862 1631 5893 i‘
1662 5861 1862 5918 .Icaeut.
1897 5865 2130 5921 'secuud.
2189 5867 2352 5935 LXX,
2396 5885 2514 5938 cap.
2545 5886 2697 5938 thtt,
2751 5872 2842 5936 51,
2880 5872 2969 5926 52.

2119 5463 2264 5530 οτκῳ
2297 5463 2559 5532 Ἰσραὴλ
2595 5465 2694 5518 καὶ
2723 5465 2804 5532 τῷ
2837 5466 2984 5530 οἴκῳ
3027 5468 3216 5522 Ἰούδα
3237 5467 3538 5536 διαθήκην
3587 5485 3714 5521 και-

2115 5555 2256 5624 νὴν,
2273 5554 2642 5627 ἦνδιεθέμην
2661 5557 2786 5625 τοῖς
2799 5557 3308 5626 πατράσιναὺτῶν
3322 5577 3336 5590 ο
3355 5559 3450 5632 τῆς
3463 5559 3557 5613 τοῦ
3583 5558 3716 5613 Υίοῦ

2267 5730 2309 5758 ’⁷
2343 5726 2508 5802 chis
2539 5730 2744 5802 inclusa
2769 5739 2898 5784 sunt
2923 5731 3106 5795 verba,
3135 5749 3256 5802 qua!
3289 5733 3486 5787 serium
3518 5747 3611 5785 ora
3645 5733 3716 5786 io-

2606 5801 2651 5830 ”
2687 5801 2832 5855 Psal.
2881 5818 3025 5864 xm,
3073 5801 3163 5859 it.
3253 5804 3294 5835 ¹¹
3326 5805 3593 5862 (Iattt.ttl.
3663 5805 3714 5858 7.
