4026 6378
467 160 498 172 ο

395 387 532 458 1493

1306 391 1385 456 IN
1422 395 1527 456 SS.
1566 391 1921 456 DEIPARIE
1959 391 2690 453 PRAESENTATIONEM.

3501 377 3649 447 149-5

387 524 481 566 σου
515 509 822 580 γεννήσεως
861 509 960 580 τὴν
999 509 1304 582 παρουσίαν
1329 509 1631 580 σημαίνων,
1663 511 1758 566 καὶ
1783 509 1876 564 τὸν
1905 507 1966 572 ἐξ

2101 522 2199 564 aus
2237 509 2530 564 adventum
2585 518 2877 572 ortumque
2937 501 3060 558 Filii
3119 501 3216 567 tui,
3275 507 3342 556 et
3377 499 3640 570 populum

387 602 559 658 ἐθνῶν
589 601 720 656 λαὸν
757 601 938 656 καλῶν
966 604 1048 664 είς
1079 601 1453 673 προσκύνησιν
1487 603 1652 674 μέχρι
1707 601 1962 674 περάτων

387 695 491 764 τῆς
521 693 626 764 γῆς
654 710 668 726 ’
707 693 767 748 σὲ
790 695 885 748 καὶ
931 693 963 747 ὁ
991 691 1114 746 τῶν
1144 693 1472 764 ἐπιθυμιῶν
1523 695 1682 763 ἀνὴρ
1741 693 1970 762 Δανιὴλ

391 783 726 856 ἁνεκήρυξεν
753 785 876 856 ὅρος
911 785 1076 854 μέγα,
1099 785 1156 852 ἐξ
1181 779 1244 840 οῦ
1263 783 1500 856 Χριστὸς
1527 786 1556 838 ὁ
1576 785 1969 858 ἀκρογωνιαϊος

391 877 540 940 λίθος
565 877 1038 946 ἀποτμηθήσεται.
1072 877 1168 932 καὶ
1189 876 1287 948 τὴν
1317 877 1507 932 εἰκόνα
1533 877 1631 932 τοῦ
1697 877 1974 947 πολυμόρ-

396 987 499 1038 φου
521 969 698 1037 δφεως
721 967 898 1021 ὀλέσει
928 969 1024 1022 καὶ
1069 969 1396 1040 ὲκλικμήσει
1429 984 1442 1001 ·
1473 969 1535 1022 σὲ
1585 968 1636 1021 oi
1682 969 1743 1022 ὲν
1799 968 1974 1021 Βαϐυ-

395 1057 527 1110 λῶνι
555 1057 708 1128 τρεῖς
735 1056 929 1121 παῖδες
965 1055 1141 1111 τύπον
1171 1057 1408 1128 ἔχοντες,
1445 1055 1543 1110 καὶ
1563 1055 1656 1110 τοῦ
1693 1055 1830 1110 Υίοῦ
1877 1072 1972 1110 σου

397 1155 497 1218 τὴν
527 1149 825 1221 ἐπιθυμίαν
862 1149 1318 1218 κατανοήσαντες,
1351 1148 1451 1218 τὴν
1478 1147 1710 1218 κάμινον
1730 1146 1831 1217 τὴν
1879 1147 1976 1199 ἑπ-

397 1239 716 1302 ταπλασίως
755 1237 1057 1294 καυθεϊσαν
1099 1237 1314 1308 διῆλθον
1341 1237 1620 1302 ἀϐλαϐεῖς,
1655 1239 1750 1292 καὶ
1788 1237 1867 1300 ὼς
1917 1239 1978 1290 ὲν

401 1329 629 1401 θαλάμῳ
655 1329 938 1400 χαίροντες
991 1328 1152 1400 μέσον
1179 1327 1430 1399 ἐχόρευον
1455 1344 1472 1360 ·
1529 1328 1590 1382 σὲ
1666 1327 1980 1398 Ἀϐὃακοὺμ

400 1421 616 1491 Θαιμάν
637 1420 760 1491 ὅρος
780 1419 1056 1489 ὀνομάζει,
1087 1419 1148 1484 ἐξ
1179 1413 1242 1474 οὗ
1277 1418 1540 1488 βασιλέως
1571 1417 1832 1490 σκῆπτρα
1851 1433 1982 1488 κρα-

404 1509 571 1574 ταιῶς
597 1511 980 1574 ἀνατέταλκεν,
1012 1512 1071 1563 ὲν
1165 1507 1504 1580 σκηνώματα
1527 1508 1800 1563 Αἰθιόπων
1819 1524 1984 1576 πτοη-

407 1601 666 1672 θήσονται
715 1603 812 1656 καὶ
864 1602 1062 1673 σκηναὶ
1082 1603 1188 1671 γῆς
1229 1603 1482 1657 Μαδιάν·
1512 1603 1572 1654 σὲ
1613 1601 1836 1666 ,δοξάζω
1885 1600 1984 1670 τὴν

406 1693 669 1765 ἀμίαντον
702 1694 915 1764 ἀμνάδα
947 1711 962 1726 ο
1023 1695 1082 1747 σὲ
1130 1692 1287 1764 ὑμνῶ
1337 1693 1439 1762 τὴν
1483 1691 1938 1763 κεχαριτωμένην
1966 1707 1980 1722 '

408 1785 468 1836 σὲ
499 1783 722 1852 ἀνυμνῶ
753 1785 854 1853 τὴν
880 1786 946 1838 ἐκ
976 1783 1166 1837 πασῶν
1197 1783 1305 1836 τῶν
1327 1783 1532 1851 γενεῶν
1575 1781 1986 1851 ἀναδειχθείσαν

2071 600 2312 670 gentium
2363 613 2564 654 vocans
2602 598 2672 652 ad
2709 596 2877 651 Deum
2904 593 3246 649 adorantium
3277 590 3406 645 inde
3469 605 3644 658 usque

2072 705 2102 744 a
2138 691 2342 746 'linibus
2377 697 2532 744 terra
2558 705 2573 756 ;
2603 697 2656 743 te
2687 689 2852 742 etiam
2889 683 3082 739 Daniel
3107 685 3185 738 vir
3203 681 3585 736 desideriorum
3599 681 3646 711 ’⁵

2072 778 2430 848 proclamavit
2466 787 2702 832 montem
2731 777 3004 848 ingentem
3060 775 3129 838 ",
3165 785 3199 828 e
3247 787 3358 842 quo
3385 769 3642 826 Christus

2073 869 2212 938 lapis
2242 867 2522 938 angularis
2565 865 2938 929 abscindatur,
2969 873 3023 918 et
3064 861 3420 929 simulacrum
3459 859 3643 912 multi-

2075 959 2270 1015 formis
2331 958 2597 1028 serpentis
2645 957 2805 1012 ruina
2861 965 3026 1026 atque
3075 951 3247 1008 exitio
3317 949 3650 1020 dissipabit;
3713 949 3762 1011 “,

2078 1063 2132 1109 te
2185 1051 2341 1123 pueri
2398 1059 2510 1106 tres
2561 1049 2854 1120 Babylonis
2915 1047 3086 1118 ligura
3136 1043 3550 1106 adumbrantes,
3596 1047 3656 1094 et

2077 1138 2534 1206 exspectationem
2566 1135 2690 1191 Filii
2712 1136 2791 1190 tui
2822 1137 3006 1190 animo
3031 1133 3230 1196 intuiti,
3269 1131 3544 1187 fornacem
3571 1144 3657 1184 se-

2079 1229 2258 1300 ptenis
2285 1228 2556 1285 incendiis
2585 1236 2801 1282 auctam
2855 1225 3312 1296 perambularunt
3357 1221 3538 1285 illaesi,
3601 1231 3657 1274 et

2081 1321 2136 1376 in
2187 1321 2365 1376 medio
2397 1320 2521 1388 igne
2549 1318 2707 1390 quasi
2758 1319 2812 1372 in
2843 1317 3090 1373 thalamo
3139 1315 3246 1371 laeti
3297 1313 3602 1386 gestiebant
3637 1328 3654 1376 ;

2083 1421 2135 1468 te
2163 1409 2418 1466 Habacuc
2439 1409 2686 1482 Themau
2735 1416 2970 1464 montem
3005 1407 3238 1476 appellat
3297 1407 3368 1471 ",
3421 1420 3488 1459 ex
3547 1419 3659 1474 quo

2085 1502 2227 1580 regis
2254 1510 2469 1572 sceptra
2505 1508 2761 1572 potenter
2817 1510 3010 1556 exorta
3043 1507 3195 1558 sunt.
3239 1499 3295 1552 in
3327 1513 3436 1569 quo
3492 1495 3660 1564 trepi-

2084 1595 2304 1650 datione
2329 1594 2699 1664 percelluntur
2727 1593 3078 1649 tabernacula
3096 1591 3436 1662 Ethiopum,
3467 1600 3522 1646 et
3546 1598 3660 1646 ten-

2088 1686 2226 1742 toria
2256 1695 2418 1763 terra:
2445 1683 2683 1740 Ma-dian.
2714 1681 2793 1741 Te
2821 1685 3034 1738 honoro
3063 1697 3261 1754 agnam
3327 1680 3648 1736 immacula—

2089 1789 2222 1842 tam,
2257 1787 2310 1834 te
2330 1778 2570 1850 prmdico
2591 1779 2763 1849 gratia
2793 1778 3033 1848 plenam,
3074 1785 3126 1832 te
3151 1774 3324 1832 effero
3367 1790 3400 1829 e
3452 1775 3663 1830 eunetis

405 1873 544 1929 Θεοῦ
569 1875 788 1947 νύμφην
816 1891 830 1904 ·
864 1875 925 1928 σὲ
949 1874 1245 1946 ἀναμέλτιω
1271 1874 1372 1946 τὴν
1426 1875 1545 1928 νέον
1573 1873 1802 1944 οὐρανὸν
1849 1871 1982 1941 μέλ-

2101 1871 2534 1943 generationibus
2559 1870 2904 1940 designatam
2938 1867 3034 1924 Dei
3063 1881 3353 1940 Sponsam,
3393 1876 3444 1922 te
3497 1881 3662 1928 cano,

406 1966 606 2022 λουσαν
663 1967 1050 2038 ἀναδειχθῆναι
1082 1983 1096 1996 ο
1146 1967 1204 2020 σε
1266 1966 1528 2038 προσάγω
1579 1965 1654 2028 ὡς
1699 1962 1984 2035 κειμήλιον

409 2057 646 2130 καθαρὸν
679 2059 736 2111 ὲν
763 2057 843 2127 τῷ
883 2057 999 2128 ναῷ
1027 2057 1232 2128 Κυρίου
1258 2073 1272 2088 ο
1305 2057 1366 2110 σὲ
1397 2053 1688 2127 μεγαλύνω
1713 2053 1812 2126 τὴν
1855 2051 1984 2108 νέαν

406 2149 671 2220 διαθήκην
694 2188 710 2214 ,
750 2149 808 2201 ὲν
847 2143 992 2221 ᾗπερ
1023 2148 1053 2200 ό
1093 2147 1340 2211 Μεσσίας
1383 2146 1620 2218 Χριστὸς
1665 2146 1984 2216 ἐγγραφεὶς,

409 2238 470 2293 τὸ
497 2239 600 2308 μὲν
634 2238 869 2309 γράμμα
903 2236 1248 2292 καταπαύσει
1303 2235 1400 2290 τοῦ
1429 2235 1620 2306 νόμου,
1649 2235 1752 2305 τῆς
1777 2230 1840 2288 δὲ
1885 2233 1984 2305 χά-

414 2346 571 2403 ριτος
616 2329 718 2400 τὴν
739 2329 931 2400 κλῆσιν
979 2327 1413 2400 ὲξανατελεῖζδιὰ
1440 2326 1536 2381 τοῦ
1565 2325 1946 2398 βαπτίσματος
1969 2339 1987 2357 ⁸

411 2422 506 2474 καὶ
546 2422 648 2492 τῆς
683 2423 782 2490 μὲν
837 2421 1144 2494 περιτομῆς
1194 2421 1293 2492 τὴν
1333 2421 1490 2474 σκιάν
1521 2419 1792 2490 διακόψει,
1823 2418 1992 2472 τοῦδὲ

413 2515 729 2586 Πνεῦματος
761 2515 861 2586 τὴν
891 2515 1200 2584 παρουσίαν
1231 2515 1342 2577 τοῖς
1371 2515 1429 2567 ὲν
1487 2515 1560 2585 γῇ
1614 2511 1988 2584 καταπέμψει.

484 2689 542 2745 l'.
574 2689 797 2754 Τούτοις
825 2692 940 2756 τοῖς
973 2691 1140 2763 ίεροϊς
1165 2689 1344 2760 λόγοις
1377 2693 1407 2746 ό
1433 2692 1721 2763 προφήτης
1747 2690 1848 2762 τὴν
1870 2691 1996 2746 Μα-

415 2783 540 2852 ρίαν
570 2783 1016 2854 κατακοσμήσας,
1039 2783 1374 2848 ἀναϐιϐάσας
1401 2785 1574 2856 αὐτὴν
1601 2783 1682 2849 είς
1718 2785 1780 2838 τὸ
1807 2784 1997 2838 θυσια-

417 2871 660 2942 στήριον,
693 2871 884 2946 Κυρίῳ
917 2872 996 2944 τῷ
1025 2873 1145 2944 Θεῷ
1183 2874 1472 2946 παρέθετο.
1505 2875 1670 2930 Ὅθεν
1719 2876 1770 2930 oi
1807 2878 1998 2948 γεννή-

415 2977 572 3034 τορες
607 2963 863 3036 Ἰωακεὶμ
911 2965 1006 3020 καὶ
1030 2968 1200 3022 ’Δννα
1247 2971 1306 3022 ὲν
1345 2970 1489 3040 χαρᾷ
1533 2969 1764 3041 καρδίας
1801 2973 1868 3024 ὲκ
1903 2970 1998 3025 τοῦ

2087 1977 2210 2034 quae
2241 1976 2370 2017 mox
2401 1974 2604 2016 novum
2659 1961 2804 2016 coelo
2819 1977 2871 2014 ιιι
2903 1959 3258 2030 cognosceris
3289 1975 3312 2026 °,
3337 1967 3391 2014 te
3450 1957 3665 2012 adduco

2087 2061 2348 2124 tanquam
2393 2053 2713 2108 thesaurum
2765 2051 3228 2122 pretiosissimum
3289 2043 3347 2104 in
3402 2049 3666 2118 templum

2089 2141 2344 2211 Domini;
2388 2152 2440 2199 te
2467 2143 2670 2200 extollo
2713 2141 2924 2198 Novum
2957 2140 3394 2206 Testamentum,
3447 2141 3499 2194 in
3553 2155 3667 2210 quo

2087 2235 2318 2294 Messias
2342 2236 2596 2294 Christus
2621 2237 2942 2307 inscriptus,
2975 2236 3102 2291 hinc
3155 2235 3360 2290 littera.-
3404 2233 3666 2304 legalium

2087 2329 2253 2386 ﬁnem
2284 2331 2544 2401 imponet,
2584 2329 2710 2384 inde
2743 2327 3050 2384 vocationis
3081 2327 3273 2398 gratiae
3305 2324 3522 2380 initium
3582 2322 3668 2378 l‘a-

2089 2421 2215 2487 ciet,
2247 2434 2347 2491 per
2378 2419 2706 2491 baptismum
2733 2433 2750 2486 ;
2774 2417 2902 2472 hinc
2931 2416 3183 2470 umbram
3216 2419 3533 2484 perrumpet
3554 2411 3664 2465 cir-
3742 2409 3746 2413 ’

2091 2514 2468 2578 cumcisionis,
2495 2514 2622 2568 inde
2670 2511 3018 2584 praesentiam
3079 2508 3324 2579 Spiritus
3375 2505 3670 2576 terrigenis
3748 2559 3752 2563 Α

2091 2610 2380 2666 desursum
2415 2607 2697 2678 largietur.

2163 2699 2232 2756 Χ.
2267 2701 2564 2770 Postquam
2599 2697 2865 2770 propheta
2897 2691 3264 2753 sanctissimis
3307 2693 3459 2748 hisce
3490 2687 3673 2745 laudi-

2095 2794 2198 2849 bus
2224 2793 2450 2848 Mariam
2483 2790 2800 2851 cumulavit.
2822 2803 2944 2846 eam
2969 2788 3035 2844 ad
3061 2801 3310 2844 summos
3339 2783 3527 2840 altaris
3549 2797 3676 2854 gra-

2095 2885 2200 2941 dus
2251 2885 2539 2941 deductam
2595 2881 2828 2938 Domino
2881 2881 2990 2938 Deo
3041 2874 3674 2960 obtulitaQuamobrem

2097 2979 2372 3050 genitores
2403 2975 2722 3033 Joachimus
2751 2983 2806 3031 et
2839 2977 3000 3029 Anna
3051 2973 3174 3028 laeto
3203 2971 3448 3026 animos
3477 2965 3678 3036 templo

416 3053 546 3145 ναοῦ
591 3056 960 3128 ὑπέστρεψαν,
1006 3057 1378 3130 θαυμάζοντες
1429 3060 1532 3129 τῆς
1582 3061 1862 3132 Παρθένου
1902 3061 1993 3134 τὴν

2101 3071 2332 3143 regressi
2363 3078 2511 3135 sunt,
2545 3069 2788 3140 Virginis
2822 3065 3236 3138 intelligentiam
3270 3075 3326 3119 et
3360 3067 3682 3117 mansuetu-

419 3145 635 3200 σύνεσιν
681 3150 774 3204 καὶ
809 3149 872 3202 τὸ
901 3151 1077 3221 πρᾶον
1109 3152 1203 3205 καὶ
1235 3151 1419 3222 ἤπιον.
1461 3151 1777 3224 ’Υπερὸᾶσα
1820 3153 1993 3207 τοίνυν

2103 3166 2284 3220 dinem
2318 3172 2374 3220 et
2401 3163 2792 3234 benignitatem
2826 3153 3182 3218 admirantes.
3231 3153 3353 3228 Ipsa
3392 3168 3556 3226 porro
3599 3152 3684 3204 in-

421 3237 560 3310 αῦτη
587 3238 656 3293 τὰ
696 3239 806 3294 τῶν
832 3241 1042 3311 νηπίων
1070 3240 1435 3311 ψελλίσματα,
1478 3241 1557 3308 τῷ
1600 3243 1993 3314 παντοκράτορι

2105 3253 2336 3312 l‘autium
2384 3264 2768 3326 praetergressa
2813 3249 3135 3316 balbutiem,
3168 3249 3382 3304 colebat
3416 3244 3684 3314 Omnipo-

421 3331 736 3400 καταμόνας
766 3331 1046 3402 ἐλάτρευε,
1071 3335 1165 3386 καὶ
1185 3331 1392 3404 τροφὴν
1416 3332 1709 3405 οὐρανόθεν
1737 3331 1993 3404 δεχομένη

2107 3357 2332 3413 tentem,
2357 3354 2412 3403 et
2441 3339 2835 3400 nutrimentum
2880 3359 2914 3399 e
2942 3342 3083 3400 ccelo
3111 3353 3210 3412 per
3247 3337 3500 3410 angelum
3537 3335 3686 3390 acci-

419 3423 490 3478 δι’
520 3423 754 3492 ἀγγέλου
797 3422 896 3494 τὴν
931 3424 1043 3480 τῶν
1078 3424 1382 3498 ἀνθρώπων
1413 3426 1620 3498 βρῶσιν
1655 3425 1993 3494 ὲὸδελύξιιτο1

2106 3441 2262 3512 piens
2315 3438 2673 3495 aversabatur
2715 3435 2996 3507 vulgarem
3037 3434 3249 3497 cibum,
3281 3439 3338 3486 et
3385 3429 3442 3484 in
3483 3427 3688 3499 templo

421 3515 520 3570 καὶ
547 3515 626 3587 τῷ
653 3515 766 3587 ναῷ
791 3517 1136 3588 καθεκάστην
1157 3518 1616 3591 προσεδρεύουσα,
1649 3519 1712 3572 τὸ
1742 3517 1993 3589 κοσμικδι

2107 3531 2354 3604 quatidie
2385 3529 2604 3586 assidua
2655 3543 2744 3585 res
2779 3527 2970 3584 mundi
3015 3525 3254 3581 caducas
3297 3522 3446 3577 velut
3499 3520 3689 3575 aranei

425 3607 614 3678 σχῆμα
635 3608 711 3672 ὡς
734 3609 976 3680 ἀράχνης
1001 3610 1146 3664 ἱστὸν
1169 3610 1450 3679 ἐλογίσατο
1465 3627 1480 3642 ·
1509 3611 1605 3666 καὶ
1632 3611 1726 3664 τοῦ
1753 3610 1993 3680 οὐρανίοι

2107 3625 2272 3680 telam
2325 3621 2631 3692 reputabat,
2687 3627 2742 3676 et
2787 3617 2914 3675 coeli
2959 3631 3091 3688 opes
3138 3621 3392 3671 assecuta
3443 3623 3690 3668 terrenas

423 3696 586 3752 ὄλϐου
628 3698 985 3769 ἀπιτυχοῦσα,
1015 3701 1110 3756 τὸν
1155 3700 1398 3770 ἐπίγειον
1428 3699 1660 3756 πλοῦτον
1693 3702 1993 3772 ἠρνήσατο·

2109 3713 2326 3772 divitias
2351 3712 2667 3784 respuebat,
2701 3715 2756 3766 et
2779 3708 3042 3783 gaudium
3078 3707 3403 3780 angelorum
3436 3705 3690 3776 quotidie

426 3791 523 3844 καὶ
560 3789 738 3862 χαράν
763 3792 864 3863 τὴν
903 3790 1014 3846 τῶν
1036 3791 1284 3861 ἀγγέλων
1314 3792 1664 3863 καθεκάστην
1704 3791 1993 3875 θεωροῦσα.

2113 3807 2523 3875 contemplans,
2587 3802 2757 3874 hujus
2821 3801 2949 3856 vitae
3021 3797 3170 3856 curis
3225 3798 3567 3870 superiorem
3631 3809 3691 3850 se

423 3878 536 3933 τῶν
566 3877 662 3934 τοῦ
694 3879 811 3949 βίου
851 3879 1152 3950 φροντίδων
1197 3881 1450 3952 άνωτέρα
1490 3882 1786 3946 ἐδείκνυτο,
1827 3872 1922 3937 καὶ
1947 3883 1993 3936 τί

2113 3872 2477 3960 monstrabat,
2531 3903 2587 3948 et
2637 3872 2890 3948 sanctum
2955 3889 3224 3960 Spiritum
3285 3896 3547 3958 perpetuo
3605 3886 3692 3940 in-

427 3969 658 4042 Πνεῦμα
677 3970 741 4025 τὸ
761 3971 919 4039 ἀγιον
940 3971 1184 4036 άεννάως
1205 3971 1410 4043 δρῶσα,
1441 3971 1550 4026 τῶν
1574 3971 1827 4043 πονηρῶν
1851 3989 1993 4028 πνενι

2117 3991 2294 4048 tuens,
2325 3980 2594 4036 malorum
2623 3979 2918 4051 spirituum
2951 3977 3168 4052 agmina
3205 3975 3556 4032 invisibiliter
3579 3975 3695 4031 dis-

430 4061 620 4133 μάτων
647 4063 747 4127 τάς
777 4063 1068 4132 φάλαγγας
1101 4063 1352 4133 ἀοράτως
1383 4063 1688 4136 ἀπήλαυνε.
1821 4081 1836 4103 ί

2109 4073 2354 4144 jiciebat.

501 4152 603 4210 IA'.
635 4153 703 4209 Τί
728 4155 840 4228 γὰρ
861 4155 1130 4227 ἔπραττεν
1154 4157 1190 4226 ἡ
1214 4154 1492 4226 Παρθένος
1515 4157 1596 4220 εἰς
1620 4155 1690 4211 τά
1716 4154 1883 4225 Ἅγια
1901 4156 1993 4210 τῶι

2181 4165 2278 4221 XI.
2309 4163 2452 4232 Quid
2483 4162 2628 4221 enim
2661 4163 2854 4235 agebat
2886 4159 3054 4233 Virgo
3089 4163 3292 4234 degens
3327 4159 3380 4216 iu
3411 4157 3699 4218 sanctissi-

431 4244 606 4314 ἁγίων
632 4245 1030 4317 περιπολοῦσα;
1057 4245 1278 4318 Τροφὴν
1297 4247 1546 4316 ἀγγέλων
1569 4247 1638 4300 δι’
1657 4246 1892 4316 ἀγγέλου
1903 4250 1993 4301 είσι

2116 4259 2222 4315 mis
2253 4257 2440 4328 templi
2463 4257 2684 4329 adytis?
2713 4253 3045 4330 Angelorum
3069 4255 3252 4314 cibum
3283 4256 3355 4312 ab
3383 4255 3575 4328 angelo
3607 4270 3700 4310 ac-

421 4335 680 4407 ‘ebéxe'ro'
710 4341 806 4390 καὶ
840 4338 918 4402 ὡς
945 4337 1248 4410 περιστερά
1293 4337 1530 4409 ἀκεραία
1569 4336 1670 4409 τὴν
1715 4337 1993 4409 παρθενίω

2120 4352 2378 4422 cipiebat,
2403 4359 2458 4406 et
2483 4349 2850 4406 immaculata).
2880 4349 3148 4406 columbae
3177 4349 3378 4406 similis
3404 4345 3702 4420 virginita-

430 4428 699 4499 τηροῦσα,
729 4429 823 4483 τὸν
851 4428 950 4483 τοῦ
977 4429 1111 4485 ναοῦ
1157 4431 1260 4485 καὶ
1285 4429 1518 4502 οὐρανοῦ
1559 4432 1656 4486 καὶ
1689 4431 1794 4502 γῆς
1839 4428 1993 4502 Δημι·

2123 4452 2232 4500 tem
2282 4457 2533 4508 servans,
2574 4442 2762 4513 templi
2813 4450 2868 4496 et
2911 4443 3035 4498 cceli
3089 4450 3362 4512 terraeque
3413 4439 3594 4511 opilici
3625 4433 3730 4512 (5');

431 4520 632 4611 ουργδν
663 4520 781 4611 μετ’
803 4521 1161 4594 εὐχαριστίας
1197 4525 1256 4576 ὲν
1283 4523 1570 4596 παρρησίᾳ
1597 4522 1827 4596 καρδίας
1858 4523 1993 4578 λιτα¹

2121 4553 2247 4596 cum
2283 4539 2582 4611 gratiarum
2617 4538 2833 4594 actione
2862 4547 2916 4594 et
2941 4536 3271 4594 effusissimo
3298 4537 3469 4593 animi
3505 4535 3704 4592 ali‘cctu

433 4608 689 4702 νεύουσα,
732 4610 922 4680 ἔλεγεν
945 4627 962 4643 ο
1021 4611 1173 4684 ⁸’ᾼσω
1220 4629 1327 4680 σοι,
1376 4615 1758 4687 παντόκρατορ
1802 4615 1992 4687 ὖψιστε

2124 4631 2200 4686 ita
2231 4608 2570 4702 supplicabat
2597 4647 2610 4682 :
2647 4629 2906 4684 Laudabo
2931 4640 3005 4696 te,
3031 4627 3381 4698 omnipotens
3402 4627 3703 4690 Altissimc,

431 4699 519 4754 ὅτι
547 4701 769 4770 ἀφεῖλες
787 4703 881 4757 τὸν
899 4702 1202 4774 ὀνειδισμὸν
1223 4706 1325 4774 τῆς
1347 4705 1698 4776 προμήτορός
1719 4721 1826 4777 μου
1847 4706 2016 4772 Εὔας·

436 4793 532 4846 καὶ
563 4794 654 4849 διά
691 4795 794 4866 τὴν
821 4795 922 4867 σὴν
950 4795 1156 4866 ἄφατον
1184 4795 1591 4868 εὐσπλαγχνίαν
1628 4797 1719 4852 τὸν
1753 4801 2018 4872 μονογενῆ

439 4900 536 4936 σου
567 4881 694 4938 Υνίὺν
725 4887 940 4957 μέλλεις
967 4887 1326 4960 καταπέμψαι
1347 4887 1592 4960 επὶ-γῆς.
1621 4888 1766 4944 ὥστε
1787 4894 1902 4956 τοῖς
1921 4893 2018 4947 ἀν-

439 4978 684 5048 θρώποις
718 4980 1266 5052 συναναστραφῆναι·
1299 4981 1381 5036 διδ
1405 4985 1826 5055 κατοικητήριον
1860 4987 2025 5042 αὐτοῦ

437 5070 746 5142 γενήσομαι
775 5073 1016 5144 καθαρὸν
1045 5077 1140 5128 καὶ
1171 5076 1456 5145 ἀμίαντον.

511 5161 699 5220 Ὅπου
733 5165 842 5236 γὰρ
867 5167 906 5234 ἡ
931 5166 1186 5236 ἁμαρτία
1212 5167 1612 5232 ἐπλεόνασεν,
1639 5169 2030 5239 ὑπερεπερίσ-

435 5269 673 5310 σευσεν
701 5256 741 5324 ἡ
775 5256 966 5326 χάρις.
999 5258 1098 5312 Διά
1131 5259 1388 5328 γυναικὸς
1427 5261 1518 5314 τὸν
1543 5261 1772 5316 θάνατον
1799 5261 2031 5331 ὲκερδή-

443 5360 648 5415 σαμεν·
683 5346 775 5400 διά
800 5351 1059 5415 γυναικὸς
1099 5349 1260 5404 πάλιν
1292 5351 1632 5405 ἀνακαινίσει
1665 5352 1733 5404 τὰ
1768 5351 2023 5424 σύμπαν-

440 5450 511 5490 τα
533 5451 550 5465 ⁶
580 5437 669 5492 διὰ
699 5438 794 5492 τοῦ
823 5441 1000 5509 ὄφεως
1040 5441 1143 5512 τῆς
1189 5445 1393 5515 πικρᾶς
1431 5443 1673 5512 γεύσεως
1725 5443 2023 5516 δεδέγμεθα

441 5526 540 5600 τὴν
571 5527 774 5604 βρῶσιν
799 5548 814 5562 °
848 5532 916 5586 δι’
943 5533 1108 5587 αὐτοῦ
1131 5534 1188 5588 δὲ
1209 5535 1373 5590 πάλιν
1400 5535 1502 5606 τὴν
1532 5535 1733 5620 βρῶσιν
1762 5535 1864 5606 τῆς
1887 5535 2024 5591 ἀθα-

473 5671 519 5703 ¹⁵
555 5669 692 5724 Dan.
741 5687 798 5736 κ,
837 5671 924 5727 Η.

515 5873 611 5952 (5')
641 5879 834 5938 l‘extus
877 5881 965 5936 hic
997 5880 1296 5937 mendosus
1327 5879 1558 5937 videtur.

2125 4722 2221 4793 qui
2269 4722 2460 4792 primae
2511 4719 2791 4792 genitricis
2836 4735 2969 4774 mea).
3011 4717 3136 4776 Erae
3181 4717 3460 4774 abstulisti
3490 4733 3710 4789 oppro-

2124 4811 2330 4877 brium,
2359 4821 2412 4867 et
2447 4819 2668 4884 propter
2704 4809 3032 4866 ineﬂ‘abilem
3067 4807 3508 4868 misericordiam
3556 4819 3707 4865 tuam

2133 4903 2406 4959 missurus
2433 4918 2494 4958 es
2523 4903 2578 4956 in
2611 4911 2810 4958 terram
2840 4901 3036 4956 Filium
3059 4910 3212 4956 tuum
3245 4903 3612 4974 unigenitum,
3650 4911 3712 4958 ut

2128 5009 2254 5051 cum
2279 4995 2594 5050 hominibus
2615 5003 2993 5050 conversetur.
3021 4993 3206 5062 Quare
3239 4991 3504 5050 habitatio
3535 4996 3710 5066 ipsius

2130 5087 2255 5142 liam
2288 5102 2423 5157 pura
2455 5097 2510 5143 et
2539 5087 2912 5144 immaculata.

2203 5177 2272 5231 Et
2305 5191 2456 5243 sane,
2489 5178 2580 5232 ubi
2632 5175 2922 5234 abundavit
2947 5179 3222 5245 delictum,
3263 5176 3715 5247 superabundavit

2133 5269 2311 5339 gratia
2338 5269 2407 5324 ".
2439 5270 2546 5325 Per
2579 5271 2862 5326 mulierem
2892 5281 3122 5327 mortem
3150 5271 3345 5326 lucrati
3373 5286 3588 5337 sumus,
3623 5283 3716 5338 per

2133 5358 2415 5412 mulierem
2475 5358 2730 5415 univerSa
2779 5359 2896 5430 ipse
2945 5375 3140 5416 rursus
3190 5358 3576 5414 instaurabit-:
3620 5373 3716 5429 per

2131 5455 2442 5516 serpentem
2497 5450 2681 5504 cibum
2741 5449 3056 5520 accepimus
3111 5447 3286 5504 amari
3332 5445 3566 5513 saporis,
3621 5461 3716 5516 per

2132 5537 2310 5608 ipsum
2343 5555 2473 5594 vero
2514 5556 2732 5596 rursum
2779 5557 3068 5598 vescemur
3107 5541 3234 5598 cibo
3265 5538 3712 5596 immortalitatis.

691 5716 701 5753 μ
741 5671 939 5753 xui};
1034 5675 1079 5706 "
1129 5671 1626 5753 ibi"-.'.'.~..5~‘:
1689 5671 1736 5753 ’.⁷
1764 5671 1917 5753 01'0"
1955 5669 1993 5753 .‘

2101 5677 2229 5750 fatus
2263 5672 2564 5753 “interpres
2596 5672 2822 5753 (liabac.
2879 5693 2960 5742 ιιι,
3003 5676 3056 5746 5)
3119 5675 3297 5742 habet,
3333 5672 3472 5728 Deus
3507 5669 3568 5724 ab
3604 5668 3716 5723 Au~

442 5750 556 5797 atro
588 5743 775 5809 veniet,
803 5740 944 5796 LXX
1002 5743 1180 5798 versio
1207 5742 1438 5797 reddidit
1483 5745 1510 5794 ό
1539 5743 1666 5805 Θεὸς
1703 5743 1768 5793 ὲκ
1797 5742 2010 5812 Θαιμὰν
2037 5740 2158 5812 ἣξει

2260 5743 2301 5773 ³⁸
2337 5742 2494 5800 lium.
2523 5761 2576 5809 γ,
2604 5745 2693 5798 ‘20.
