4026 6408
355 414 489 484 1497
1293 415 1374 482 ΙΝ
1403 424 1504 484 SS.
1549 416 1901 484 DEIPARAE

2019 414 2663 483 l/ESENTATIONEM-
3459 416 3594 478 14238

351 552 450 588 σαν
477 534 611 606 πρὸς
641 533 980 606 καθαρισμὸν
1007 533 1115 587 τῶν
1135 533 1341 606 ψυχῶν,
1373 535 1490 598 πῶς
1521 537 1554 604 ἡ
1585 533 1860 604 Παρθένος
1884 535 1913 604 ἡ

2024 534 2141 603 Ipsa
2161 534 2306 588 enim
2341 549 2465 588 vere
2489 543 2704 596 sancta,
2737 547 2859 602 qua:
2887 547 3036 594 cum,
3065 527 3158 600 qui
3190 529 3340 584 solus
3374 540 3597 582 sanctus

352 625 732 695 προορισθεῖσα
781 624 890 678 ἀπὺ
936 623 1164 685 κτίσεως
1215 627 1442 694 κόσμου,
1477 625 1573 677 καὶ
1623 625 1687 676 ἐκ
1735 623 1913 674 πασῶν

2023 633 2128 686 est,
2161 639 2361 678 arcana
2411 625 2622 678 ratione
2671 623 2919 691 concepit
2951 622 3049 692 (7).
3085 620 3150 674 Et
3190 635 3322 674 sane
3368 620 3411 674 si
3458 618 3600 673 Deus

347 715 551 781 γενεῶν
577 713 1037 785 προσεκλεχθεῖσα
1067 715 1146 776 είς
1177 715 1596 784 κατοικητήριον
1627 713 1913 783 ἀμόλυντοκ

2019 715 2182 784 jussit
2221 717 2592 772 Abrahamum
2639 715 2838 770 aﬁ‘erre
2875 714 3102 768 vitulam
3151 713 3369 767 trimam
3415 720 3471 766 et
3515 727 3602 765 ca-

348 809 436 860 xai
477 807 900 877 προσενεχθεῖσα
943 808 1024 870 είς
1052 805 1178 860 ναὸν
1205 805 1360 872 ἅγιον
1390 805 1470 876 τῷ
1500 805 1913 876 παντοκράτορι,

2023 805 2220 873 pellam
2258 807 2476 860 trimam
2506 807 2561 861 in
2598 808 2908 861 animarum
2939 803 3342 875 purgationem.
3369 817 3597 872 quomo-

346 899 465 967 οὐχὶ
494 898 652 968 τιμία
677 899 770 950 καὶ
799 896 1014 966 καθαρά
1039 897 1134 950 καὶ
1154 896 1452 966 ἀμόλυντος
1473 895 1804 965 καθέστηκε.
1831 896 1913 948 καὶ

2021 896 2094 952 (lo
2138 898 2300 969 virgo
2357 913 2388 952 a
2439 899 2716 954 creatione
2778 897 2965 952 mundi
3019 896 3420 966 praedestinata,
3449 904 3504 948 et
3531 909 3595 946 ex

348 987 632 1058 προσφορὰ
661 988 890 1058 ἄμωμος
928 988 1026 1058 τῆς
1052 989 1402 1057 ἀνθρωπίνης
1424 988 1670 1056 φύσεως;

2023 989 2279 1044 omnibus
2303 990 2747 1061 generationibus
2765 990 2936 1044 electa
2965 989 3018 1042 in
3053 984 3600 1057 impollutumdomi-

349 1103 359 1128 ι
384 1080 561 1146 ilium,
587 1091 642 1136 et
661 1081 1020 1150 omnipotenti
1049 1081 1230 1136 oblata
1260 1082 1312 1134 in
1345 1068 1547 1151 templo
1603 1090 1817 1156 sancto,
1878 1095 1985 1135 non
2029 1081 2235 1138 honore
2263 1083 2424 1155 digna
2459 1092 2513 1138 et
2545 1099 2684 1154 pura
2708 1093 2762 1138 et
2787 1083 3066 1152 impolluta
3093 1088 3290 1144 exstat,
3315 1087 3369 1134 et
3395 1077 3596 1132 oblatio

351 1175 694 1228 immaculata
729 1176 980 1229 humana:
1013 1186 1222 1230 natura:
1247 1174 1347 1244 (8).

417 1267 514 1320 ΙΝ.
552 1260 624 1318 Ὦ
657 1265 923 1319 Ἰουδαίων
961 1267 1282 1334 Συναγωγή,
1313 1267 1360 1318 οἱ
1394 1265 1490 1336 τὴν
1523 1267 1588 1318 ἐκ
1620 1265 1790 1334 φυλῆς
1819 1266 1918 1336 τῆς

348 1349 618 1429 ὑμετέρας
701 1358 1069 1428 ἑκλαμψάσαν
1146 1357 1425 1428 Παρθένον
1485 1358 1558 1428 μὴ
1637 1357 1922 1426 δεξάμενοι

346 1451 631 1514 Θεοτόκον,
663 1449 799 1503 ἀλλά
827 1453 923 1502 καὶ
967 1449 1332 1522 λοιδοροῦντες
1369 1450 1600 1516 ἀναξίως
1633 1451 1727 1502 καὶ
1765 1449 1923 1502 ἀσελ-

347 1542 471 1607 γέσι
509 1541 737 1610 χείλεσι,
764 1541 860 1594 καὶ
882 1541 959 1610 τῷ
981 1541 1160 1610 φθόνῳ
1193 1541 1524 1612 κινούμενοι,
1553 1539 1920 1594 καταλαλοῦν-

346 1649 436 1694 τες
468 1632 638 1701 αὐτῆς
669 1630 884 1684 ἀδικίαν
919 1633 1015 1683 καὶ
1047 1631 1278 1701 ἀνομίαν
1298 1646 1312 1661 ·
1355 1631 1472 1692 πῶς
1499 1631 1590 1685 τὸν
1619 1631 1789 1683 ἀΐδιον
1826 1631 1920 1684 τοῦ

350 1719 562 1792 11ατρὸς
598 1721 746 1784 Υἱδν,
797 1721 855 1786 ἐξ
900 1721 1070 1789 αὐτῆς
1125 1723 1213 1774 ἐπ’
1255 1723 1499 1790 ἐσχάτων
1543 1723 1684 1790 μετά
1717 1722 1920 1793 σαρκὸς

2093 1265 2234 1320 XIV.
2264 1265 2309 1320 0
2339 1264 2621 1336 Synagoga
2643 1263 2976 1325 Judteorum,
3007 1263 3098 1334 qui
3135 1258 3410 1332 Virginem
3439 1277 3471 1316 e
3500 1262 3603 1316 tri-

2023 1357 2093 1412 hu
2117 1368 2294 1412 vestra
2323 1355 2664 1427 eﬁ‘ulgentem
2689 1371 2793 1409 non
2813 1357 2906 1410 Dei
2931 1355 3152 1408 Matrem
3174 1355 3464 1416 habuistis,
3486 1355 3595 1408 imo

2021 1464 2148 1503 vero
2171 1449 2413 1503 convicia
2445 1447 2820 1517 indignissime
2849 1457 2904 1500 et
2961 1446 3231 1516 protervis
3262 1445 3416 1499 labiis
3449 1447 3598 1514 inge-
3684 1508 3692 1515 _

2019 1540 2164 1600 ritis,
2193 1549 2248 1593 et
2274 1539 2476 1592 invidia
2511 1539 2722 1592 incitati
2758 1537 2934 1592 eidem
2971 1537 3296 1606 injustitiam
3325 1546 3379 1590 ct
3413 1537 3593 1603 legum

2023 1637 2390 1699 contemptum
2416 1628 2788 1697 exprobratis;
2819 1629 3096 1697 quomodo
3123 1633 3386 1681 aeternum
3420 1626 3595 1680 Patris

2023 1719 2220 1790 Filium
2254 1720 2322 1774 ab
2352 1721 2468 1790 ipsa
2495 1720 2754 1774 extremis
2786 1720 3124 1788 temporibus
3150 1719 3451 1773 secundum
3481 1734 3604 1771 car-

347 1813 696 1884 γεννηθέντα,
723 1813 821 1882 οὐχ
850 1813 1219 1878 ὑπεδέξασθες
1255 1815 1350 1866 καὶ
1399 1815 1457 1866 οὐ
1505 1815 1664 1884 μόνον
1711 1815 1913 1885 ταύτης

2025 1827 2147 1867 nem
2173 1811 2413 1882 genitum
2440 1811 2859 1881 haudquaquam
2885 1811 3202 1878 recepistis?
3223 1819 3276 1863 et
3300 1825 3404 1862 non
3436 1809 3595 1862 modo

348 1903 442 1972 τῆς
475 1901 652 1972 δόξης,
690 1901 824 1954 ἀλλά
853 1903 944 1954 καὶ
986 1901 1081 1955 τοῦ
1121 1903 1474 1971 γεννηθέντος
1515 1904 1734 1974 ἄμοιροι
1781 1907 1918 1958 καθ-

345 1993 638 2063 εστήκατε,
693 1993 814 2063 οὐχὶ
861 1993 958 2046 τοῦ
1001 1995 1446 2065 παραγενομένου
1511 1995 1724 2058 πάντως
1788 1996 1916 2064 ὑμῖν

345 2085 733 2154 φθονήσαντος,
763 2083 901 2136 ἀλλὰ
947 2087 1011 2154 τῇ
1045 2085 1288 2154 ὑμετέρᾳ
1321 2085 1492 2155 κακίᾳ
1521 2085 1914 2150 ἐξοκείλαντες,

344 2176 440 2228 καὶ
466 2177 532 2245 τῇ
559 2175 794 2246 πονηρίᾳ
817 2175 916 2245 τῆς
945 2175 1100 2246 ὑμῶν
1131 2175 1494 2246 ματαιότητος
1523 2177 1916 2246 ὑπομείναντες

341 2264 610 2331 ἀφθόνως,
646 2265 744 2333 τῆς
786 2265 944 2334 δόξης
991 2265 1315 2336 ἀμφοτέρων
1363 2267 1792 2320 ὲκπετιτὼκατεο
1836 2267 1919 2319 διὸ

339 2353 414 2416 ὡς
438 2353 588 2414 ὄντες
617 2353 880 2423 ἄχρηστοι
925 2353 1018 2405 καὶ
1049 2353 1314 2423 πρότερον
1367 2353 1463 2405 καὶ
1500 2353 1814 2422 μετέπειτα,
1849 2355 1916 2406 τὰ

337 2447 436 2516 τῆς
478 2445 776 2514 βασκανίας
807 2445 961 2516 ὑμῶν
989 2445 1388 2514 ἐγχειρήματα,
1427 2444 1590 2497 παντὶ
1618 2443 1695 2512 τῷ
1723 2444 1916 2514 κόσμῳ

339 2536 552 2606 φανερά
580 2535 975 2606 καθεστήκατε,
1019 2535 1163 2588 κατά
1202 2536 1295 2587 τὸν
1325 2535 1482 2602 λόγον
1517 2533 1608 2587 τοῦ
1641 2527 1912 2604 Σωτῆρος,

336 2625 428 2678 τὸν
467 2626 534 2678 δι’
582 2625 724 2696 ὑμᾶς
771 2623 1240 2695 ὲμιρανιζόμενονο
1297 2625 1498 2694 Ἀμὴν,
1547 2625 1712 2694 ἀμὴν
1761 2625 1915 2693 λέγω

335 2715 502 2785 ὑμῖν,
546 2719 600 2770 εὶ
655 2715 839 2770 τέκνα
889 2715 996 2771 τοῦ
1055 2717 1300 2786 Ἀϐραὰμ
1353 2713 1478 2787 ἦτε,
1521 2716 1592 2769 τὰ
1634 2717 1778 2786 ἔργα
1809 2715 1914 2770 τοῦ

350 2807 598 2874 Ἀϐραὰμ
620 2805 873 2860 ἐποιεῖτε
896 2805 1003 2858 ἀν’
1041 2806 1270 2873 ἐκεῖνος
1299 2807 1408 2876 γὰρ
1439 2807 1569 2874 περὶ
1601 2805 1746 2876 ἐμοῦ
1775 2805 1914 2860 ἐλά-

335 2897 518 2962 λησα,
569 2893 686 2948 νῦν
708 2893 776 2946 δὲ
801 2894 870 2947 ἐκ
898 2895 1002 2950 τοῦ
1023 2895 1307 2950 διαϐόλου
1328 2896 1490 2958 ἐστὲ,
1521 2895 1619 2948 καί
1649 2895 1758 2958 τὰς
1783 2893 1912 2946 ἐπι-

335 2985 553 3054 θυμίας
575 2983 682 3038 τοῦ
708 2986 930 3052 πατρὸς
955 2981 1125 3052 ὑμῶν
1148 2982 1352 3040 θέλετε
1382 2983 1592 3039 ποιεῖν.
1626 2986 1735 3038 Καὶ
1757 2983 1914 3037 ἀλλα-

2024 1903 2236 1965 matris,
2269 1903 2360 1958 sed
2385 1911 2440 1956 et
2469 1902 2561 1955 lilii
2600 1902 2787 1972 gloriae
2815 1911 3063 1956 exsortes
3091 1899 3456 1965 remansistis,
3484 1910 3594 1952 non

2023 1995 2181 2065 quasi
2216 1994 2334 2064 ipse
2360 2009 2600 2064 praesens
2633 1993 2806 2048 lactus
2835 2009 2933 2049 vos
2971 1995 3083 2047 ullo
3125 1995 3286 2047 modo
3319 1993 3591 2062 reject-rit,

2024 2085 2116 2140 sed
2146 2085 2273 2154 quia
2305 2095 2486 2141 vestra
2521 2085 2734 2140 malitia
2755 2101 2878 2140 eum
2913 2085 3279 2154 repudiastis;
3317 2093 3372 2139 et
3407 2085 3462 2138 in
3493 2085 3594 2136 im.

2021 2175 2294 2248 probitate
2327 2175 2568 2232 stultitiae
2601 2188 2795 2231 vestrae
2833 2176 3191 2244 pervicaciter
3238 2189 3596 2244 perseverat»

2023 2277 2128 2329 tes,
2157 2267 2228 2322 ab
2256 2268 2541 2338 utriusque
2571 2267 2743 2338 gloria
2771 2267 3086 2322 excidistis!
3133 2267 3301 2336 Igitur
3333 2277 3593 2334 tanquam

2023 2358 2274 2414 homines
2321 2374 2556 2428 nequam
2609 2368 2664 2414 et
2714 2359 2865 2420 olim,
2915 2368 2970 2414 et
3017 2359 3266 2428 posthac,
3314 2359 3368 2412 in
3429 2357 3596 2410 totius

2023 2449 2210 2504 mundi
2245 2449 2364 2504 luce
2388 2449 2698 2504 collocastis
2726 2449 2927 2518 ﬂagitia
2954 2449 3348 2502 malevolentiae
3375 2458 3590 2506 vestrae,

2015 2542 2172 2611 juxta
2203 2541 2500 2596 Salvatoris
2531 2541 2811 2596 oraculum
2841 2541 3128 2610 perspicue
3153 2541 3220 2593 de
3248 2539 3402 2593 vobis
3425 2537 3594 2606 signi-

2022 2631 2240 2686 licatum
2277 2651 2290 2687 :
2325 2630 2511 2693 Amen,
2536 2647 2686 2684 amen
2713 2632 2830 2685 dico
2856 2632 3019 2691 vobis.
3053 2632 3099 2684 si
3133 2631 3232 2698 filii
3265 2628 3492 2682 Abrahae
3517 2645 3594 2681 es-

2022 2722 2166 2788 setis,
2194 2737 2351 2791 opera
2377 2721 2605 2777 Abrahte
2631 2723 2910 2792 faceretis;
2944 2723 3034 2776 ille
3067 2723 3204 2776 enim
3231 2725 3297 2776 de
3325 2738 3404 2774 me
3442 2722 3593 2776 Ιοσιιο

2023 2823 2107 2870 tus
2154 2825 2271 2878 est;
2317 2831 2453 2868 nunc
2483 2825 2660 2868 autem
2697 2830 2760 2869 ea:
2791 2814 3003 2870 diabolo
3045 2815 3192 2876 estis,
3233 2825 3282 2868 et
3328 2814 3592 2868 desideria

2021 2903 2188 2972 patris
2219 2904 2376 2958 vestri
2408 2905 2566 2958 vultis
2593 2905 2766 2973 facere
2793 2907 2858 2962 ³⁰.
2889 2903 2952 2958 Et
2978 2905 3105 2958 alibi
3144 2919 3335 2958 rursus
3369 2923 3380 2956 :
3413 2901 3594 2956 Nolite

2021 3006 2208 3066 putare
2253 2997 2380 3066 quia
2407 3013 2499 3068 ego
2531 3005 2878 3051 accusaturus
2908 2998 3007 3050 sim
3043 3013 3130 3050 vos
3169 2995 3307 3064 apud
3336 2994 3550 3048 Patrem
3571 3007 3592 3048 ε

335 3073 436 3144 χοῦ
487 3075 650 3128 πάλιν
675 3089 688 3104 ⁸
739 3074 838 3142 Μὴ
893 3074 1122 3128 δοκεῖτε
1173 3075 1261 3128 ὅτι
1313 3075 1704 3144 κατηγορήσω
1749 3073 1913 3142 ὑμῶν

2019 3093 2096 3158 gs!
2135 3085 2225 3156 qui
2264 3095 2478 3140 accusat
2517 3102 2604 3141 uos
2643 3085 2868 3156 Moyses,
2897 3088 2952 3138 in
2995 3103 3096 3156 quo
3136 3103 3224 3139 vos
3258 3085 3502 3154 speratis.
3535 3083 3594 3136 Si

335 3163 488 3232 πρὸς
519 3164 629 3218 τὸν
658 3163 918 3232 Πατέρα⁵
945 3163 1120 3217 ἐστιν
1151 3167 1184 3218 ό
1213 3165 1558 3234 κατηγορῶν
1585 3163 1752 3232 ὑμῶν
1781 3168 1910 3219 Μω-

2019 3149 2152 3230 enim
2204 3177 2482 3231 crederetis
2519 3177 2712 3248 Moysi,
2750 3179 3028 3232 crederetis
3063 3179 3289 3248 forsitan
3328 3187 3378 3230 et
3411 3176 3541 3228 mihi
3573 3190 3591 3226 :

335 3255 479 3322 σῆς,
512 3257 599 3321 εἰς
624 3255 697 3310 ὃν
723 3256 894 3325 ὑμεῖς
914 3254 1211 3324 ἠλπίκατε
1229 3272 1242 3288 ·
1273 3259 1342 3312 Et
1381 3257 1488 3327 γὰρ
1515 3257 1915 3312 ἐπιστεύσατε

333 3347 556 3409 Μωσεῐ,
581 3347 980 3412 ἐπιστεύσατε
1000 3346 1076 3401 ἂν
1097 3348 1259 3416 ἐμοί·
1293 3348 1426 3415 περὶ
1453 3348 1560 3417 γὰρ
1587 3347 1734 3416 ἐμοῦ
1761 3347 1913 3401 ἐκεῖ-

333 3451 444 3502 νος
495 3436 740 3505 ἔγραψε.
776 3437 886 3490 Καὶ
938 3437 1257 3508 μετέπειτα·
1314 3439 1384 3492 Ei
1430 3440 1542 3492 οὐκ
1581 3433 1772 3508 ἦλθον
1813 3439 1913 3491 καὶ

333 3525 616 3594 ἐλάλησα
665 3528 892 3594 αὐτοῖς,
947 3529 1242 3598 ἁμαρτίαν
1289 3531 1400 3584 οὐκ
1459 3526 1647 3600 εἶχον,
1681 3531 1800 3585 νῦν
1845 3529 1914 3582 δὲ

333 3619 645 3688 πρόφασιν
691 3621 804 3674 οὐκ
857 3619 1070 3689 ἔχουσι
1130 3619 1266 3688 περὶ
1311 3619 1436 3690 τῆς·
1461 3621 1752 3691 ἁμαρτίας
1799 3623 1908 3675 αὐ-

333 3724 479 3763 των.

409 3799 510 3856 IE'.
559 3801 750 3872 Ἡμεῖς
793 3801 875 3866 δὲ,
931 3800 961 3856 ό
1015 3800 1146 3866 λαὸς
1191 3801 1286 3856 τοῦ
1329 3803 1486 3870 Θεοῦ,
1531 3803 1684 3868 ἔθνος
1733 3806 1910 3876 ἅγιον,

333 3893 649 3962 περιούσιον
700 3893 996 3965 ἄθροισμα,
1050 3897 1238 3964 στῖφος
1286 3896 1605 3968 όρθοδόξων,
1655 3899 1759 3952 υἱοὶ
1815 3901 1914 3970 τῆς

331 3982 740 4056 κολυμϐήθρας,
785 3984 952 4039 τέκνα
979 3985 1078 4056 τῆς
1111 3987 1355 4058 χάριτος,
1395 3989 1444 4043 οἱ
1474 3989 1575 4061 τὴν
1603 3990 1662 4044 ὲν
1686 3989 1764 4060 τῷ
1799 3991 1914 4062 ναῷ

332 4073 560 4144 πρόοδον
590 4074 942 4145 ἑορτάζοντες
962 4076 1062 4146 τῆς
1092 4076 1396 4148 Παρθένου,
1426 4078 1626 4150 ψυχαῖς
1650 4080 1912 4152 καθαραῖς

334 4166 434 4218 καὶ
479 4166 852 4238 ἀρῤυπάντοις
895 4168 1124 4237 χείλεσι,
1179 4169 1454 4238 γλώσσαις
1510 4170 1911 4240 πολυφθόγγοις

329 4256 430 4309 ἐπὶ
483 4256 656 4329 ταύτῃ
703 4261 770 4328 τῇ
820 4259 1129 4331 πανηγύρει
1183 4259 1498 4332 μελῳδικῶς
1534 4261 1909 4334 ἀλαλάξωμεν,

329 4345 599 4417 ⁴τιμῶντες
653 4349 844 4420 αὑτὴν,
897 4349 974 4414 ὡς
1029 4349 1090 4404 τὺ
1143 4351 1312 4417 εἰκὸς,
1357 4352 1457 4424 τὴν
1503 4353 1731 4423 φαιδρὰν
1785 4355 1910 4424 έορ-⁴

2015 3269 2080 3318 de
2127 3281 2208 3320 me
2252 3268 2393 3320 enim
2441 3267 2531 3322 ille
2563 3269 2772 3337 scripsit
2797 3270 2862 3321 ³¹.
2899 3267 2965 3322 Ει
2998 3285 3192 3324 rursus
3225 3288 3239 3320 :
3275 3266 3334 3322 Si
3372 3285 3476 3321 non
3505 3283 3594 3320 oc-

2015 3359 2230 3424 nissem,
2265 3367 2314 3412 et
2351 3359 2556 3413 locutus
2583 3359 2802 3428 fuissent
2840 3361 2936 3424 eis,
2979 3371 3251 3428 peccatum
3297 3373 3400 3411 non
3433 3357 3588 3410 liabe-

2015 3459 2167 3515 rent;
2187 3465 2326 3504 nunc
2351 3460 2526 3505 autem
2546 3451 2936 3506 excusationem
2961 3467 3062 3503 non
3083 3450 3271 3504 habent
3292 3449 3355 3503 de
3377 3457 3590 3518 peccato

2013 3555 2108 3594 suo
2137 3539 2203 3596 ".

2087 3823 2202 3882 XV.
2232 3825 2300 3880 At
2330 3839 2427 3880 nos
2449 3824 2679 3896 populus
2707 3824 2820 3889 Dei,
2846 3841 2979 3896 gens
3003 3833 3212 3892 sancta,
3239 3822 3590 3894 congregatio

2015 3917 2363 3987 acceptabilis
2386 3918 2452 3985 ³³,
2486 3919 2912 3974 orthodoxorum
2953 3919 3118 3982 acies,
3163 3917 3258 3970 lilii
3305 3917 3589 3980 columbae,

2015 4008 2232 4064 soboles
2264 4009 2471 4078 gratiae,
2503 4010 2593 4079 qui
2629 4008 2770 4064 festo
2795 4010 2943 4064 cultu
2969 4009 3183 4080 agimus
3206 4007 3587 4062 deductionem

2017 4092 2253 4170 Virginis
2277 4100 2330 4154 in
2359 4101 2644 4171 templum,
2665 4101 2818 4172 puris
2843 4100 3064 4164 animis,
3085 4100 3384 4170 impollutis
3409 4101 3587 4164 labiis,

2014 4187 2322 4242 multisonis
2357 4188 2556 4260 linguis
2605 4189 2662 4244 in
2701 4192 2802 4246 hac
2833 4190 3147 4245 celebritate
3175 4191 3407 4262 hymnos
3453 4206 3588 4244 sua-

2012 4278 2218 4334 vidicos
2249 4281 2596 4348 extollamus,
2636 4282 2846 4337 illustre
2889 4283 2996 4338 hoc
3031 4281 3254 4346 festum,
3284 4282 3588 4352 principem

2013 4367 2414 4424 solemnitatem
2457 4371 2662 4442 angelis
2694 4373 2871 4427 laetam
2921 4381 2976 4428 et
3011 4372 3293 4428 hominum
3327 4373 3589 4443 praedira-

330 4437 469 4508 τὴν,
521 4440 623 4509 τὴν
674 4440 898 4511 πρώτην
958 4445 1304 4513 πανήγυριν,
1353 4445 1453 4516 τὴν
1501 4446 1754 4515 ἀγγέλοις
1815 4447 1910 4499 ei»

2019 4457 2162 4512 tione
2217 4437 2617 4529 dignissimam,
2662 4462 2844 4532 prouti
2891 4477 2988 4533 par
3017 4469 3119 4530 est,
3148 4437 3592 4518 veneranteszet

330 4529 599 4600 φρόσυνον
652 4532 748 4584 καὶ
791 4531 1102 4603 ἀνθρώποις
1129 4533 1480 4599 ἀξιέπαινον·
1516 4537 1613 4590 καὶ
1649 4537 1711 4590 τὸ
1733 4539 1912 4606 Χαῖρε

2019 4549 2144 4604 illud
2175 4543 2280 4604 Ave
2313 4548 2583 4610 Gabrielis
2607 4529 2733 4608 cum
2763 4529 3068 4617 reverentia
3096 4563 3152 4610 et
3176 4555 3375 4626 gaudio
3395 4563 3590 4610 sancto

325 4619 428 4673 τοῦ
453 4620 698 4692 Γαϐριὴλ
731 4625 871 4694 μετὰ
901 4624 1067 4694 φόϐου
1100 4627 1195 4680 καὶ
1219 4629 1394 4697 χαρᾶς
1431 4630 1497 4700 τῇ
1533 4631 1794 4701 πανάγνῳ
1825 4633 1914 4685 ὲκ-

325 4709 622 4784 6οήσωμεν
646 4729 660 4743 ·

399 4803 591 4875 Χαῖρε,
620 4805 714 4860 τοῦ
737 4807 949 4877 Πατρός
973 4808 1007 4880 ἡ
1037 4807 1274 4873 εὐδοκία,
1306 4810 1374 4862 δι’
1393 4805 1462 4883 ἧς
1489 4815 1570 4876 εἰς
1597 4812 1666 4868 τὰ
1693 4815 1908 4883 πέρατα

325 4895 576 4968 ἐγνώσθη
610 4895 940 4966 Θεογνωσία’
972 4904 1151 4970 χαῖρε,
1183 4901 1278 4954 τοῦ
1309 4903 1438 4955 Υίοῦ
1485 4905 1518 4973 ἡ
1559 4906 1898 4976 κατοίκησις,

325 4988 388 5038 ἐν
428 4980 464 5062 ᾗ
509 4989 538 5041 ό
574 4989 917 5060 σαρκοφόρος
961 4992 1322 5062 προελήλυθε·
1371 4998 1552 5065 χαῖρε,
1604 4997 1700 5049 τοῦ
1745 4999 1900 5065 ἁγίου

319 5076 648 5148 Πνεύματος
673 5081 1096 5152 κατοικητήριον
1122 5082 1360 5155 ἄρρητον
1377 5099 1390 5116 ο
1425 5087 1604 5158 χαῖρε,
1629 5087 1738 5140 τῶν
1764 5091 1902 5142 ἀσω-

337 5167 517 5222 ιάτων
541 5170 602 5223 τὸ
633 5171 1067 5244 πολυθρύλλητον
1101 5173 1319 5246 θαῦμα·
1353 5180 1532 5249 χαῖρε,
1554 5179 1663 5232 τῶν
1691 5182 1900 5252 Χερου-

329 5257 426 5324 ﬁ“
479 5259 783 5332 ἁγιωτέρα.
834 5265 992 5334 χαῖρε
1013 5305 1028 5330 ,
1085 5265 1194 5318 τῶν
1247 5264 1498 5339 Σεραφὶμ
1559 5269 1898 5344 ἐνδοξοτέρα.

417 5417 464 5495 ξ’
487 5418 648 5476 Joan.
692 5438 810 5495 vrri.
843 5423 912 5479 59
954 5434 1008 5479 et
1053 5425 1140 5480 44.
1207 5427 1297 5481 Illa
1336 5429 1522 5495 verba,
1555 5430 1648 5484 ille
1693 5435 1830 5486 enim
1901 5437 1964 5490 de

323 5489 376 5522 ³⁸
408 5487 568 5547 Joau.
600 5508 654 5559 ν,
689 5491 780 5558 45,
822 5495 936 5556 46.,
991 5496 1036 5527 ³⁸
1061 5495 1222 5552 Joan.
1255 5515 1344 5565 xv,
1366 5499 1456 5552 22.
1506 5487 1576 5534 ’³³
1602 5501 1708 5556 Tit.
1745 5519 1804 5568 Il,
1845 5487 1930 5560 l4.

398 5663 476 5746 l7)
519 5661 1034 5748 Exploratissimum
1108 5674 1260 5748 apud
1309 5672 1498 5732 Patres
1561 5678 1888 5748 principium

311 5737 564 5818 pvipara:
608 5737 1004 5811 praerogativae
1061 5759 1091 5798 a
1145 5737 1264 5800 Filii
1309 5737 1680 5818 prierogat'ivis
1715 5737 1890 5804 dirue-

309 5808 538 5863 ticndas
561 5824 702 5864 esse.

394 5876 473 5946 (3)
502 5877 575 5932 De
605 5879 1036 5952 singularissima
1084 5887 1317 5954 puritate
1361 5903 1536 5946 sermo
1571 5901 1672 5948 est.
1717 5889 1886 5948 Porro

2009 4641 2418 4698 conclamemus
2447 4659 2461 4695 :

2076 4817 2211 4880 Ave,
2235 4815 2494 4871 delicium
2527 4815 2726 4882 Patris,
2750 4831 2848 4887 per
2876 4831 3040 4888 quam
3077 4816 3142 4872 ad
3178 4817 3400 4872 ultimos
3430 4825 3587 4872 terrm

2011 4911 2147 4964 lines
2188 4906 2282 4963 Dei
2313 4909 2556 4980 cognitio
2581 4907 2845 4964 manavit.
2887 4911 3022 4974 Ave,
3059 4909 3182 4964 Filii
3223 4909 3585 4976 domicilium,

2009 4999 2078 5052 de
2113 5014 2222 5069 qua
2257 4998 2347 5053 ille
2377 5013 2543 5054 carne
2571 4999 2797 5055 indutus
2827 5001 3043 5070 prodiit.
3083 5001 3218 5066 Ave,
3249 5001 3424 5054 sancti
3459 5001 3587 5072 Spi-

2007 5093 2148 5147 ritus
2170 5090 2542 5146 habitaculum
2574 5091 2866 5147 ineﬂabile.
2889 5093 3024 5160 Ave,
3048 5109 3408 5165 supernarum
3435 5110 3586 5150 men-

2008 5184 2143 5238 tium
2176 5183 2605 5240 celebratissima
2647 5185 2959 5241 admiratio.
2992 5186 3127 5250 Are,
3163 5186 3406 5241 sanctior
3445 5187 3585 5242 Che-

2009 5275 2226 5344 rubim;
2258 5290 2379 5344 ave,
2403 5277 2692 5349 gloriosior
2710 5277 3001 5349 Seraphim
3025 5297 3040 5348 ;
3067 5296 3186 5347 ave,
3219 5281 3360 5335 coelo
3386 5279 3584 5345 latior;

2022 5453 2102 5492 me
2131 5436 2339 5491 locutus
2393 5447 2496 5503 est,
2563 5436 2619 5493 in
2653 5437 2944 5511 Evangelio
2995 5442 3246 5513 nuspiam
3304 5441 3580 5512 leguntur.

1995 5689 2062 5738 de
2113 5684 2259 5767 nulla
2290 5689 2544 5767 puellula
2587 5691 2808 5767 trienni
2834 5691 2972 5767 adeo
3022 5692 3317 5764 singularis
3367 5698 3573 5767 purilas

1997 5755 2335 5840 pra‘dicanda
2374 5769 2460 5840 est
2495 5769 2570 5840 ut
2605 5763 2724 5840 κατ’
2753 5762 2945 5840 ἐξοχὴν
2979 5755 3222 5819 innocens
3261 5755 3566 5840 appelletur

1996 5829 2161 5950 ξηιρῇ
2185 5827 2366 5946 Vilrgo,
2405 5831 2507 5886 nisi
2531 5833 2596 5888 de
2627 5827 2968 5890 immunitate
2997 5851 3024 5890 a
3062 5847 3280 5904 peccato
3300 5827 3571 5907 'originali

1995 5911 2048 5948 ιιι
2078 5913 2102 5949 ι·
2151 5913 2232 5950 tua
2265 5914 2350 5950 ur.
2446 5943 2448 5946 ,

2171 5933 2350 5966 bullll.
2446 5943 2448 5946 μ
